2386 4194
18 291 119 350 licead
147 293 205 353 hoc
235 297 360 371 tempus
381 311 493 354 causae
514 294 720 355 retinuerint.
748 297 794 356 Ac
821 294 954 372 primam

18 382 114 458 quidem
132 387 245 447 statim
267 404 287 446 a
307 389 352 447 'l'e
374 389 441 465 ipso
463 390 568 448 datam
589 387 686 449 Nobis
708 405 869 466 agnosces3
885 406 954 448 cnm

18 479 79 536 enim
96 482 225 541 Decreto
242 481 468 545 exsecutoriali
487 482 571 542 circa
585 482 850 544 constitutionem
870 482 955 546 Cleri

18 573 64 630 tnm
82 572 267 635 festinanter
292 577 391 635 Tuam
414 575 572 636 addideris
595 576 810 650 sanctionem,
834 578 870 637 ut
893 578 956 638 No-

17 671 92 724 strum
112 686 294 747 responsum
306 671 343 730 ad
366 672 412 730 'le
425 670 539 729 idoneo
561 674 701 748 tempore
717 671 884 748 pervenire
898 670 956 730 mi-

16 759 76 819 nime
94 764 248 839 potuerit,
265 762 325 823 nisi
340 762 419 823 illud
441 763 510 841 ipso
525 781 603 840 pene
625 768 795 838 momento,
811 781 871 841 qno
883 781 955 824 cur·

18 870 53 911 sor
68 856 339 916 extraordinarius
360 859 398 918 ad
411 859 476 919 Nos
496 857 681 929 advenerat,
698 856 953 929 reddidissemus,

20 951 102 1008 actum
115 969 186 1010 cnm
195 953 376 1012 videremus
389 952 480 1026 illud,
494 953 531 1011 de
546 969 605 1028 quo
616 953 782 1027 agebatur,
794 952 953 1029 negotium

20 1047 163 1110 absolutum
197 1051 260 1110 iam
290 1069 381 1123 esse;
403 1051 520 1112 ideirco
549 1049 655 1127 aliquo
686 1050 783 1111 Nobis
805 1052 954 1111 utendum

18 1140 91 1215 spatio
101 1143 294 1217 censuimus,
310 1144 403 1203 immo
419 1147 457 1204 ad
469 1144 570 1221 ipsum
581 1147 704 1204 coactos
714 1145 779 1205 Nos
791 1161 856 1203 esse
868 1161 956 1221 pror·

17 1249 51 1290 sns
61 1235 261 1310 agnovimus,
276 1252 345 1294 cnm
358 1237 632 1296 demonstrandum
643 1236 741 1297 Nobis
753 1240 846 1308 esset,
859 1256 955 1314 quan·

17 1329 97 1401 lopere
116 1329 224 1388 dictae
239 1328 480 1390 constitutionis
501 1327 638 1396 articuli,
646 1329 825 1391 Catholicae
841 1323 954 1390 aduer-

17 1421 132 1476 sarentur
143 1417 325 1489 doctrinae,
339 1435 436 1494 neque
452 1417 519 1476 ullo
534 1418 626 1475 modo
636 1433 706 1476 cnm
718 1417 808 1477 Fidei
819 1418 954 1478 Nostrae

19 1508 164 1571 rationibus
188 1511 415 1571 consentirent.
438 1512 542 1588 Atque
564 1512 621 1569 hoc
643 1514 713 1582 est,
735 1527 793 1569 cnr
812 1512 879 1572 Nos
900 1529 955 1588 ap-

22 1603 207 1674 probationem
229 1606 380 1666 Nostram
395 1604 434 1664 iis
455 1604 602 1665 articulis
618 1621 715 1681 neque
737 1603 957 1680 provisionali-

23 1697 172 1776 ter,neque
196 1698 247 1758 vel
269 1715 326 1775 pro
346 1698 474 1757 minimo
497 1699 648 1775 temporis
669 1701 826 1757 momento
846 1697 956 1758 adiun-

19 1792 117 1865 gendam
138 1791 401 1852 iudicaverimus.

59 1886 130 1951 Quod
154 1902 249 1963 quam
272 1902 381 1945 verum
403 1884 462 1957 sit,
487 1888 523 1944 nt
544 1883 742 1962 perspicuum
764 1884 866 1944 facere
888 1901 957 1962 pos·

18 1995 103 2053 senus,
118 1980 152 2040 in
178 1979 287 2040 mediis
310 1979 385 2038 item
408 1978 609 2050 necessariis,
625 1978 736 2055 quibus
756 1978 879 2038 assidue
903 1995 956 2037 ur·

21 2091 115 2149 gennr,
132 2077 414 2154 occupationibus,
443 2095 518 2154 opus
538 2077 637 2137 Nobis
664 2075 726 2136 fuit
753 2075 878 2153 aliquod
908 2093 957 2136 re·

18 2171 104 2245 perire,
119 2191 183 2250 quo
204 2171 235 2230 id
257 2172 496 2248 perficeremus,
522 2171 645 2231 otium·
657 2173 735 2231 Dum
757 2171 859 2248 igitur
880 2189 956 2230 cun-

15 2266 135 2326 ctandum
157 2265 255 2327 Nobis
275 2271 358 2334 erat,
384 2264 477 2325 facile
500 2265 715 2342 patiebamur,
740 2269 777 2324 ut
798 2264 957 2324 sententia

11 2356 106 2419 Nostra
124 2359 350 2436 Episcoporum
365 2359 540 2418 sententias
556 2375 614 2416 non
630 2358 900 2435 praeveniremus,
917 2376 955 2418 ne

11 2451 113 2512 scilicet
134 2451 276 2530 plerique
293 2469 332 2510 ex
345 2451 509 2513 Nationali
531 2452 705 2523 Conventa,
721 2450 830 2512 fatalis
846 2468 955 2528 nempe

10 2544 235 2608 Constitutionis
257 2549 420 2619 auctores,
435 2545 533 2606 Nobis
555 2545 695 2605 tribuere
718 2546 862 2622 possent,
877 2562 956 2620 quae

11 2637 58 2696 iam
77 2640 219 2718 Episcopi
240 2638 300 2715 ipsi
316 2656 356 2697 ex
376 2641 508 2698 adverso
523 2638 718 2715 opponebant
733 2640 784 2698 tot
805 2636 869 2695 ruis
883 2635 957 2712 Epi-

8 2733 82 2792 stolis
109 2733 347 2835 Pastopalibus,
370 2731 499 2792 monitis
520 2736 615 2808 etque
637 2730 760 2790 edictis.
787 2731 837 2789 Ita
870 2728 953 2787 euim

8 2824 105 2898 fiebat,
124 2830 156 2886 ut
179 2825 336 2886 hodiernis
348 2824 549 2901 ‘philosophis
571 2821 724 2899 dignitati
737 2823 880 2902 ¹Nostrae
901 2820 955 2879 ad-

9 2920 192 2980 versantibus
213 2918 313 2979 omnis
334 2919 514 2995 eriperetur
528 2917 611 2977 ratio
626 2904 856 2988 calumniandi,
874 2917 956 2973 tam-

10 3027 87 3083 qnam
108 3030 127 3071 a
145 3014 240 3076 Nobis
262 3011 418 3090 proiectos
440 3029 566 3086 sensus,
582 3029 658 3089 quos
679 3026 811 3087 magnus
832 3007 955 3084 piorum

6 3119 35 3162 ac
54 3106 211 3166 doctorum
232 3105 422 3166 Antistitum
444 3121 591 3164 numerus
614 3121 670 3163 sua
691 3105 812 3181 sponte,
836 3117 952 3177 suoque

6 3195 111 3257 indicio
131 3200 321 3276 proferebat3
335 3200 430 3275 atque
449 3187 630 3258 refractarii
645 3196 699 3256 isti
714 3213 750 3256 re
771 3194 839 3272 ipsa
859 3191 954 3254 fateri

6 3291 278 3367 compellerentur,
305 3291 473 3369 Episcopos
499 3309 559 3350 non
581 3291 653 3351 aliis
682 3307 770 3362 esse,
795 3287 856 3348 nisi
878 3285 955 3346 solis

6 3384 144 3444 ueritatis
165 3386 327 3466 principiis
347 3389 387 3446 ad
409 3386 645 3446 declamandum
666 3385 822 3443 inductos.

59 3479 104 3538 Ut
121 3477 217 3555 igitur
238 3482 386 3557 peteret,
414 3481 527 3540 bonam
556 3479 725 3558 Episcopos
753 3489 954 3553 propugnare
