2498 4200
43 326 201 401 prehensis
225 325 431 402 Comitiorum
458 324 566 396 Actis,
589 342 667 401 quae
688 326 818 403 populos
845 327 1005 388 Ecclesiae

44 420 110 479 inre
133 423 298 480 edocerent
313 418 371 497 (l).

97 516 242 591 Longum
264 514 359 573 nimis
387 530 610 589 operosumque
639 515 722 572 esset
748 513 893 574 hocloco
914 531 1007 590 pruc-

45 607 142 668 eluros
163 627 270 668 omnes
290 607 411 667 referre
433 625 560 679 sensus,
581 606 693 683 quibus
714 607 955 682 commentaria,
970 614 1006 669 et

44 705 118 762 Acta
146 704 326 762 redundant
340 700 396 779 (2).
412 702 497 762 Setis
525 701 608 760 enim
637 704 706 774 est,
735 708 772 762 ut
797 701 1002 776 affirmemus,

45 814 115 871 qnae
138 802 232 858 antee
259 796 434 856 comenses
460 795 492 854 in
517 795 662 857 Comitiis
683 795 881 872 protulerat,
897 797 1003 857 eadem

45 889 132 950 inisse
154 895 189 950 et
210 891 347 950 omnium
368 891 610 967 Episcopornm,
631 892 663 949 et
684 891 722 950 od
744 890 877 950 Comitia
898 893 1005 968 Depu-

45 987 180 1043 tetorum
195 984 311 1044 iudicio
326 985 458 1060 probatu
470 987 503 1042 et
521 982 698 1058 subscripta
713 981 769 1060 (3).
783 986 828 1042 Ac
850 987 916 1042 tum
931 983 1004 1043 fru-

47 1080 107 1136 stru
129 1077 301 1137 saecularis
326 1077 532 1153 Magistratus
554 1094 610 1135 suo
630 1075 694 1135 fuit
713 1079 846 1136 Decreto
873 1081 1005 1138 conatus

47 1171 119 1230 Aeto
147 1171 248 1229 istaec
276 1171 492 1246 supprimere,
513 1172 546 1228 et
577 1186 615 1226 ne
635 1168 767 1244 publicis
788 1169 874 1245 typis
895 1171 1002 1245 prodi·

46 1269 130 1336 rent,
154 1263 356 1324 interdicere.
386 1264 504 1323 Contra
531 1262 615 1320 enim
636 1265 791 1322 statutum
820 1281 840 1324 e
860 1264 1004 1325 comitiis

46 1355 117 1430 fuit,
135 1358 173 1416 ut
192 1359 229 1416 ad
252 1360 372 1433 Regem
392 1355 633 1432 confugeretur,
656 1375 715 1431 quo
735 1359 901 1417 Decretum
922 1359 1003 1418 illud

47 1452 246 1523 rescinderet,
262 1454 296 1510 et
317 1450 469 1510 Tolosuno
489 1450 730 1526 Archiepiscopo
752 1453 950 1525 mandatum,
967 1457 1005 1514 ut

49 1546 210 1622 supplicem
225 1542 366 1604 libellum
382 1543 603 1619 perscriberet,
619 1560 714 1619 eoque
728 1543 761 1602 in
776 1546 918 1606 comitiis
931 1565 1002 1624 per-

51 1636 119 1698 lecto
136 1639 196 1716 (4),
211 1638 293 1699 idem
316 1636 382 1713 ipse
403 1641 514 1697 auctor
534 1636 646 1713 dignus
667 1641 716 1697 est
736 1638 880 1711 habitus,
896 1641 950 1717 qui
965 1640 1006 1700 il·

49 1729 102 1789 lum
124 1731 206 1807 Regi
228 1730 394 1789 exhiberet
408 1729 464 1808 (5):
480 1748 516 1790 ac
530 1734 598 1788 tum
613 1729 669 1789 ille
684 1730 716 1788 in
731 1732 906 1791 exhibendo
920 1734 1002 1810 Regi

50 1821 97 1898 ipsi
115 1822 242 1899 copioso
264 1825 298 1881 et
317 1823 409 1898 gravi
424 1821 643 1898 comprobavit
656 1837 815 1895 sermone,
832 1826 869 1883 in
884 1823 1006 1886 caeno-

51 1917 100 1976 lieo
120 1919 236 1994 Repeto
258 1917 439 1975 libertatem
459 1916 596 1976 docendi
611 1924 742 1991 partem
762 1935 825 1978 csse
846 1920 930 1978 iuris
941 1938 1005 1996 pu-

52 2009 115 2072 blici
127 2013 187 2092 (6);
201 2029 333 2071 causam
346 2011 418 2083 Dei,
435 2028 498 2071 esse
513 2011 638 2087 Regum
652 2029 793 2084 causam,
811 2021 842 2073 et
855 2030 903 2085 ea,
919 2031 1004 2090 quae
1080 2055 1082 2062 .

54 2101 205 2166 Ecclesiae
226 2107 420 2165 auctoritati
438 2107 616 2180 perniciem
637 2108 825 2179 intentant,
851 2107 1003 2184 Imperiis

57 2196 157 2258 itidem
171 2199 338 2259 excidium
352 2199 553 2258 denunciare
567 2197 624 2277 (7).
642 2199 793 2265 Quocirca
806 2201 933 2261 minime
947 2203 1007 2260 du·

53 2288 157 2352 hitavit
178 2295 248 2352 Rex
274 2294 440 2351 Decretum
463 2292 657 2351 Perlementi
679 2293 856 2354 rescindere
871 2295 929 2373 (8);
944 2297 1005 2357 00·

52 2385 131 2448 mitia
140 2404 218 2446 vero
231 2388 414 2445 statuerunt
424 2387 460 2444 ed
473 2386 867 2465 Anchiepiscopiglorium,
877 2395 913 2450 ut
923 2390 1006 2450 eius-

53 2477 109 2539 dem
131 2498 234 2540 sermo
254 2479 287 2539 in
309 2498 366 2539 sua
385 2481 467 2539 Acta
486 2479 607 2539 relatus
628 2483 710 2540 esset
724 2482 780 2559 (9).

107 2616 141 2667 11)
159 2611 254 2660 Sturnos
272 2613 335 2660 cIV.
353 2625 411 2670 pag.
424 2613 478 2668 196,
491 2614 578 2670 etseq.
590 2609 613 2672 ς.
625 2609 703 2658 Noun
719 2627 778 2659 cum
793 2627 847 2672 seq.

105 2692 140 2744 (2)
158 2689 262 2738 cumuli
286 2690 396 2746 possunt
410 2691 477 2735 Aeta
493 2688 559 2734 cleri
574 2689 625 2734 loe.
643 2689 687 2734 cit,
704 2702 763 2747 ρας.
781 2691 836 2736 199.
856 2687 880 2750 §.
900 2687 948 2737 Tel
965 2697 1004 2737 cst

52 2754 69 2816 ς.
79 2759 228 2823 tuotone,
244 2776 303 2822 pag.
315 2766 370 2810 202.
388 2761 411 2824 §.
425 2759 483 2809 Une
492 2759 647 2808 multitude.
657 2761 680 2822 §.
695 2761 770 2823 Uest,
781 2776 861 2821 usque
881 2763 914 2811 nd
922 2767 1003 2822 puto

51 2831 125 2892 §.Les
142 2836 236 2898 droia,
254 2841 280 2886 et
294 2852 386 2885 rursus
402 2851 418 2884 a
433 2851 491 2896 png.
503 2840 559 2884 212.
577 2836 600 2898 §.
613 2834 664 2884 siz
673 2838 748 2896 went,
766 2839 793 2884 et
808 2851 860 2896 seq.
872 2852 952 2897 usquc
968 2838 1002 2886 nd

52 2914 163 2969 213219.
181 2913 205 2974 ς.
219 2909 296 2971 oar,
312 2926 371 2971 pag.
384 2913 438 2960 198.
456 2911 479 2974 §.
493 2909 534 2957 La
543 2910 661 2972 metiore,
678 2914 705 2958 ct
719 2926 778 2972 pug.
789 2914 845 2961 219.
862 2915 889 2960 et
899 2916 954 2961 220.

104 2993 138 3045 cd)
157 2989 253 3036 Sdunce
270 2991 333 3037 clx.
345 3002 403 3046 peg.
415 2990 470 3036 294.
488 2987 512 3050 §.
526 2987 607 3036 θεῖτο.

105 3068 137 3121 (4)
155 3065 252 3112 Se'nnce
269 3067 355 3113 cxlx.
372 3077 429 3123 pag.
441 3066 497 3128 919.
515 3061 539 3117 S.
556 3062 626 3111 Vnus
644 3063 704 3125 ete,
721 3067 815 3124 etseq.

36 3161 42 3174 ·
105 3145 138 3197 (b)
157 3141 254 3189 Sdunce
270 3143 343 3190 CXX.
360 3154 418 3199 pag.
431 3142 486 3188 912.
499 3141 523 3196 5.
536 3139 620 3200 Noun,
637 3143 664 3188 et
679 3154 732 3199 seq.

105 3222 138 3275 (6)
156 3217 252 3265 sennes
268 3218 381 3265 cxxlu.
398 3230 455 3274 pag.
468 3218 523 3264 319.
534 3215 559 3271 5.
569 3215 770 3276 Mocmeipneur.

105 3299 137 3352 (7)
155 3296 252 3344 Sdunoe
262 3297 370 3344 CXXIV.
382 3308 440 3354 pug.
452 3296 506 3342 921.
517 3297 543 3341 et
553 3296 609 3341 922.
620 3294 644 3350 S.
656 3293 860 3358 Menscipneun,
875 3310 934 3356 peg.
944 3298 1000 3344 824.

55 3367 74 3423 8.
84 3367 155 3421 Noun
168 3385 260 3432 auom,
270 3385 328 3430 pag.
339 3374 394 3418 926.
406 3371 430 3427 8.
446 3369 523 3418 O’ect.

106 3451 138 3504 (8)
155 3449 252 3496 Se'snce
269 3449 389 3497 CXXXV.
405 3459 464 3506 pag.
475 3448 531 3493 352.
550 3443 693 3492 Laterense
705 3443 768 3494 Boi.

106 3527 139 3584 (9)
156 3525 252 3573 Soanos
269 3528 367 3574 CXXV.
384 3537 441 3583 pag.
453 3526 508 3572 922.
526 3517 550 3574 S.
561 3519 762 3581 Momciqncur.
