<?xml version="1.0" encoding="UTF-8"?>
<!DOCTYPE html PUBLIC "-//W3C//DTD XHTML 1.0 Transitional//EN"
    "http://www.w3.org/TR/xhtml1/DTD/xhtml1-transitional.dtd">
<html xmlns="http://www.w3.org/1999/xhtml" xml:lang="en" lang="en">
 <head>
  <title>
</title>
<meta http-equiv="Content-Type" content="text/html;charset=utf-8" />
  <meta name='ocr-system' content='tesseract 3.04.00' />
  <meta name='ocr-capabilities' content='ocr_page ocr_carea ocr_par ocr_line ocrx_word'/>
</head>
<body>
  <div class='ocr_page' id='page_1' title='image "./piivipontmaxact00piusgoog_0322.png"; bbox 0 0 2492 4202; ppageno 0'>
   <div class='ocr_carea' id='block_1_1' title="bbox 441 221 618 281">
    <p class='ocr_par' dir='ltr' id='par_1_1' title="bbox 441 221 618 281">
     <span class='ocr_line' id='line_1_1' title="bbox 441 221 618 281; baseline -0.006 0"><span class='ocrx_word' id='word_1_1' title='bbox 441 221 618 281; x_wconf 85' lang='lat'>-311-</span> 
     </span>
    </p>
   </div>
   <div class='ocr_carea' id='block_1_2' title="bbox 45 324 1012 1342">
    <p class='ocr_par' dir='ltr' id='par_1_2' title="bbox 45 324 1012 1342">
     <span class='ocr_line' id='line_1_2' title="bbox 52 324 1011 408; baseline -0.008 -18"><span class='ocrx_word' id='word_1_2' title='bbox 52 333 81 390; x_wconf 92' lang='lat' dir='ltr'><strong>et</strong></span> <span class='ocrx_word' id='word_1_3' title='bbox 106 349 167 404; x_wconf 86' lang='lat' dir='ltr'><strong>aa,</strong></span> <span class='ocrx_word' id='word_1_4' title='bbox 192 349 253 408; x_wconf 83' lang='lat' dir='ltr'><strong>qua</strong></span> <span class='ocrx_word' id='word_1_5' title='bbox 280 330 441 407; x_wconf 86' lang='lat' dir='ltr'><strong>praeditus</strong></span> <span class='ocrx_word' id='word_1_6' title='bbox 462 333 533 404; x_wconf 87' lang='lat' dir='ltr'><strong>est,</strong></span> <span class='ocrx_word' id='word_1_7' title='bbox 556 324 795 398; x_wconf 72' lang='lat' dir='ltr'><strong>misericordia,</strong></span> <span class='ocrx_word' id='word_1_8' title='bbox 819 325 941 383; x_wconf 87' lang='lat' dir='ltr'><strong>mentes</strong></span> <span class='ocrx_word' id='word_1_9' title='bbox 962 340 1011 383; x_wconf 91' lang='lat' dir='ltr'><strong>re·</strong></span> 
     </span>
     <span class='ocr_line' id='line_1_3' title="bbox 50 421 1012 502; baseline -0.009 -18"><span class='ocrx_word' id='word_1_10' title='bbox 50 424 201 498; x_wconf 88' lang='lat' dir='ltr'><strong>bellium,</strong></span> <span class='ocrx_word' id='word_1_11' title='bbox 224 441 393 502; x_wconf 88' lang='lat' dir='ltr'><strong>eorumque</strong></span> <span class='ocrx_word' id='word_1_12' title='bbox 414 423 573 484; x_wconf 80' lang='lat' dir='ltr'><strong>fautorum</strong></span> <span class='ocrx_word' id='word_1_13' title='bbox 595 421 757 491; x_wconf 77' lang='lat' dir='ltr'><strong>illustret,</strong></span> <span class='ocrx_word' id='word_1_14' title='bbox 782 421 877 495; x_wconf 88' lang='lat' dir='ltr'><strong>utque</strong></span> <span class='ocrx_word' id='word_1_15' title='bbox 898 433 1012 476; x_wconf 90' lang='lat' dir='ltr'><strong>eorun-</strong></span> 
     </span>
     <span class='ocr_line' id='line_1_4' title="bbox 50 511 1011 591; baseline -0.006 -15"><span class='ocrx_word' id='word_1_16' title='bbox 50 519 113 578; x_wconf 85' lang='lat' dir='ltr'><strong>dem</strong></span> <span class='ocrx_word' id='word_1_17' title='bbox 135 517 259 578; x_wconf 86' lang='lat' dir='ltr'><strong>animos</strong></span> <span class='ocrx_word' id='word_1_18' title='bbox 285 518 444 579; x_wconf 82' lang='lat' dir='ltr'><strong>ferventes</strong></span> <span class='ocrx_word' id='word_1_19' title='bbox 463 515 578 578; x_wconf 83' lang='lat' dir='ltr'><strong>efficiat</strong></span> <span class='ocrx_word' id='word_1_20' title='bbox 595 513 742 591; x_wconf 90' lang='lat' dir='ltr'><strong>obsequio</strong></span> <span class='ocrx_word' id='word_1_21' title='bbox 761 511 1011 574; x_wconf 87' lang='lat' dir='ltr'><strong>etveneratioue</strong></span> 
     </span>
     <span class='ocr_line' id='line_1_5' title="bbox 48 605 1011 690; baseline -0.007 -18"><span class='ocrx_word' id='word_1_22' title='bbox 48 630 119 690; x_wconf 81' lang='lat' dir='ltr'><strong>erga</strong></span> <span class='ocrx_word' id='word_1_23' title='bbox 133 616 278 672; x_wconf 85' lang='lat' dir='ltr'><strong>sanctam</strong></span> <span class='ocrx_word' id='word_1_24' title='bbox 290 611 476 690; x_wconf 77' lang='lat' dir='ltr'><strong>religionem</strong></span> <span class='ocrx_word' id='word_1_25' title='bbox 489 629 587 685; x_wconf 84' lang='lat' dir='ltr'><strong>suam,</strong></span> <span class='ocrx_word' id='word_1_26' title='bbox 601 614 634 672; x_wconf 86' lang='lat' dir='ltr'><strong>et</strong></span> <span class='ocrx_word' id='word_1_27' title='bbox 647 611 752 674; x_wconf 88' lang='lat' dir='ltr'><strong>studio</strong></span> <span class='ocrx_word' id='word_1_28' title='bbox 763 629 799 672; x_wconf 87' lang='lat' dir='ltr'><strong>ac</strong></span> <span class='ocrx_word' id='word_1_29' title='bbox 810 608 925 687; x_wconf 87' lang='lat' dir='ltr'><strong>spiritu</strong></span> <span class='ocrx_word' id='word_1_30' title='bbox 940 605 1011 666; x_wconf 93' lang='lat' dir='ltr'><strong>obe·</strong></span> 
     </span>
     <span class='ocr_line' id='line_1_6' title="bbox 46 697 1012 782; baseline -0.005 -19"><span class='ocrx_word' id='word_1_31' title='bbox 46 705 183 767; x_wconf 87' lang='lat' dir='ltr'><strong>dientiae</strong></span> <span class='ocrx_word' id='word_1_32' title='bbox 198 721 276 782; x_wconf 85' lang='lat' dir='ltr'><strong>erga</strong></span> <span class='ocrx_word' id='word_1_33' title='bbox 290 705 369 766; x_wconf 90' lang='lat' dir='ltr'><strong>hanc</strong></span> <span class='ocrx_word' id='word_1_34' title='bbox 383 704 588 782; x_wconf 87' lang='lat' dir='ltr'><strong>apostolicam</strong></span> <span class='ocrx_word' id='word_1_35' title='bbox 604 707 726 766; x_wconf 88' lang='lat' dir='ltr'><strong>Sedam.</strong></span> <span class='ocrx_word' id='word_1_36' title='bbox 741 704 834 764; x_wconf 90' lang='lat' dir='ltr'><strong>Hisce</strong></span> <span class='ocrx_word' id='word_1_37' title='bbox 847 697 1012 762; x_wconf 89' lang='lat' dir='ltr'><strong>desideriis</strong></span> 
     </span>
     <span class='ocr_line' id='line_1_7' title="bbox 46 796 1011 877; baseline -0.004 -20"><span class='ocrx_word' id='word_1_38' title='bbox 46 799 165 860; x_wconf 90' lang='lat' dir='ltr'><strong>incensi</strong></span> <span class='ocrx_word' id='word_1_39' title='bbox 181 800 281 872; x_wconf 87' lang='lat' dir='ltr'><strong>robis,</strong></span> <span class='ocrx_word' id='word_1_40' title='bbox 296 819 368 860; x_wconf 82' lang='lat' dir='ltr'><strong>reu.</strong></span> <span class='ocrx_word' id='word_1_41' title='bbox 385 800 513 873; x_wconf 86' lang='lat' dir='ltr'><strong>fratres,</strong></span> <span class='ocrx_word' id='word_1_42' title='bbox 530 800 696 877; x_wconf 86' lang='lat' dir='ltr'><strong>vobisque,</strong></span> <span class='ocrx_word' id='word_1_43' title='bbox 713 798 822 859; x_wconf 87' lang='lat' dir='ltr'><strong>dilecti</strong></span> <span class='ocrx_word' id='word_1_44' title='bbox 844 796 917 866; x_wconf 85' lang='lat' dir='ltr'><strong>filii,</strong></span> <span class='ocrx_word' id='word_1_45' title='bbox 937 811 1011 872; x_wconf 88' lang='lat' dir='ltr'><strong>apo·</strong></span> 
     </span>
     <span class='ocr_line' id='line_1_8' title="bbox 47 890 915 970; baseline -0.002 -20"><span class='ocrx_word' id='word_1_46' title='bbox 47 892 190 952; x_wconf 86' lang='lat' dir='ltr'><strong>stolicam</strong></span> <span class='ocrx_word' id='word_1_47' title='bbox 212 893 458 953; x_wconf 76' lang='lat' dir='ltr'><strong>benedictionem</strong></span> <span class='ocrx_word' id='word_1_48' title='bbox 481 897 682 970; x_wconf 80' lang='lat' dir='ltr'><strong>peramanter</strong></span> <span class='ocrx_word' id='word_1_49' title='bbox 703 890 915 969; x_wconf 84' lang='lat' dir='ltr'><strong>impertimur.</strong></span> 
     </span>
     <span class='ocr_line' id='line_1_9' title="bbox 100 982 1012 1064; baseline -0.008 -18"><span class='ocrx_word' id='word_1_50' title='bbox 100 989 221 1048; x_wconf 89' lang='lat' dir='ltr'><strong>Datum</strong></span> <span class='ocrx_word' id='word_1_51' title='bbox 240 989 361 1048; x_wconf 84' lang='lat' dir='ltr'><strong>Romae</strong></span> <span class='ocrx_word' id='word_1_52' title='bbox 381 988 461 1064; x_wconf 88' lang='lat' dir='ltr'><strong>apud</strong></span> <span class='ocrx_word' id='word_1_53' title='bbox 484 989 516 1047; x_wconf 85' lang='lat' dir='ltr'><strong>S.</strong></span> <span class='ocrx_word' id='word_1_54' title='bbox 534 989 665 1047; x_wconf 89' lang='lat' dir='ltr'><strong>Petrum</strong></span> <span class='ocrx_word' id='word_1_55' title='bbox 687 987 743 1046; x_wconf 89' lang='lat' dir='ltr'><strong>sub</strong></span> <span class='ocrx_word' id='word_1_56' title='bbox 764 984 890 1046; x_wconf 82' lang='lat' dir='ltr'><strong>Annulo</strong></span> <span class='ocrx_word' id='word_1_57' title='bbox 904 982 1012 1042; x_wconf 88' lang='lat' dir='ltr'><strong>Pisca-</strong></span> 
     </span>
     <span class='ocr_line' id='line_1_10' title="bbox 47 1071 1009 1157; baseline -0.007 -19"><span class='ocrx_word' id='word_1_58' title='bbox 47 1079 135 1152; x_wconf 90' lang='lat' dir='ltr'><strong>toris,</strong></span> <span class='ocrx_word' id='word_1_59' title='bbox 153 1079 204 1138; x_wconf 92' lang='lat' dir='ltr'><strong>die</strong></span> <span class='ocrx_word' id='word_1_60' title='bbox 218 1079 294 1139; x_wconf 86' lang='lat' dir='ltr'><strong>XIX</strong></span> <span class='ocrx_word' id='word_1_61' title='bbox 312 1079 433 1157; x_wconf 80' lang='lat' dir='ltr'><strong>Aprilis</strong></span> <span class='ocrx_word' id='word_1_62' title='bbox 447 1081 649 1153; x_wconf 81' lang='lat' dir='ltr'><strong>MDGOXGll,</strong></span> <span class='ocrx_word' id='word_1_63' title='bbox 669 1078 877 1140; x_wconf 82' lang='lat' dir='ltr'><strong>Pontificatus</strong></span> <span class='ocrx_word' id='word_1_64' title='bbox 897 1071 1009 1136; x_wconf 87' lang='lat' dir='ltr'><strong>Nostri</strong></span> 
     </span>
     <span class='ocr_line' id='line_1_11' title="bbox 45 1173 268 1233; baseline 0.009 -2"><span class='ocrx_word' id='word_1_65' title='bbox 45 1189 125 1232; x_wconf 84' lang='lat' dir='ltr'><strong>anno</strong></span> <span class='ocrx_word' id='word_1_66' title='bbox 149 1173 268 1233; x_wconf 84' lang='lat' dir='ltr'><strong>XVlll.</strong></span> 
     </span>
     <span class='ocr_line' id='line_1_12' title="bbox 619 1263 927 1342; baseline -0.023 -16"><span class='ocrx_word' id='word_1_67' title='bbox 619 1267 724 1339; x_wconf 83' lang='lat' dir='ltr'><strong>PIUS,</strong></span> <span class='ocrx_word' id='word_1_68' title='bbox 747 1263 800 1342; x_wconf 90' lang='lat' dir='ltr'><strong>qui</strong></span> <span class='ocrx_word' id='word_1_69' title='bbox 822 1278 927 1338; x_wconf 85' lang='lat' dir='ltr'><strong>supra.</strong></span> 
     </span>
    </p>
   </div>
   <div class='ocr_carea' id='block_1_3' title="bbox 153 1465 913 1650">
    <p class='ocr_par' dir='ltr' id='par_1_3' title="bbox 153 1465 913 1650">
     <span class='ocr_line' id='line_1_13' title="bbox 470 1465 913 1523; baseline 0 -1"><span class='ocrx_word' id='word_1_70' title='bbox 470 1465 588 1523; x_wconf 69' lang='lat' dir='ltr'><strong>lrss.</strong></span> <span class='ocrx_word' id='word_1_71' title='bbox 910 1505 913 1510; x_wconf 83' lang='lat'>·</span> 
     </span>
     <span class='ocr_line' id='line_1_14' title="bbox 153 1577 894 1650; baseline -0.008 -1"><span class='ocrx_word' id='word_1_72' title='bbox 153 1579 311 1650; x_wconf 69' lang='lat' dir='ltr'><strong>‘Erlsm</strong></span> <span class='ocrx_word' id='word_1_73' title='bbox 337 1577 624 1650; x_wconf 82' lang='lat' dir='ltr'>CARDINALIS</span> <span class='ocrx_word' id='word_1_74' title='bbox 648 1579 683 1646; x_wconf 83' lang='lat' dir='ltr'>A</span> <span class='ocrx_word' id='word_1_75' title='bbox 704 1577 894 1646; x_wconf 82' lang='lat' dir='ltr'><strong>ZELADA</strong></span> 
     </span>
    </p>
   </div>
   <div class='ocr_carea' id='block_1_4' title="bbox 247 1727 788 1832">
    <p class='ocr_par' dir='ltr' id='par_1_4' title="bbox 247 1727 788 1832">
     <span class='ocr_line' id='line_1_15' title="bbox 247 1727 788 1832; baseline -0.004 -3"><span class='ocrx_word' id='word_1_76' title='bbox 247 1770 302 1830; x_wconf 80' lang='lat' dir='ltr'><strong>nu</strong></span> <span class='ocrx_word' id='word_1_77' title='bbox 322 1727 551 1832; x_wconf 74' lang='lat' dir='ltr'><strong>priscorum</strong></span> <span class='ocrx_word' id='word_1_78' title='bbox 571 1765 788 1831; x_wconf 76' lang='lat' dir='ltr'><strong>arcionum.</strong></span> 
     </span>
    </p>
   </div>
   <div class='ocr_carea' id='block_1_5' title="bbox 302 1872 693 1992">
    <p class='ocr_par' dir='ltr' id='par_1_5' title="bbox 302 1872 693 1992">
     <span class='ocr_line' id='line_1_16' title="bbox 302 1872 693 1992; baseline -0.003 -1"><span class='ocrx_word' id='word_1_79' title='bbox 302 1909 306 1916; x_wconf 33' lang='lat'><strong><em>¹</em></strong></span> <span class='ocrx_word' id='word_1_80' title='bbox 368 1947 457 1992; x_wconf 71' lang='lat' dir='ltr'><strong>claci</strong></span> <span class='ocrx_word' id='word_1_81' title='bbox 479 1872 693 1992; x_wconf 57' lang='lat' dir='ltr'><strong>marnluoriim</strong></span> 
     </span>
    </p>
   </div>
   <div class='ocr_carea' id='block_1_6' title="bbox 139 2071 916 2158">
    <p class='ocr_par' dir='ltr' id='par_1_6' title="bbox 139 2071 916 2158">
     <span class='ocr_line' id='line_1_17' title="bbox 139 2071 916 2158; baseline -0.001 -3"><span class='ocrx_word' id='word_1_82' title='bbox 139 2098 381 2156; x_wconf 78' lang='lat' dir='ltr'><strong>musti-issima</strong></span> <span class='ocrx_word' id='word_1_83' title='bbox 401 2101 436 2156; x_wconf 90' lang='lat' dir='ltr'><strong>et</strong></span> <span class='ocrx_word' id='word_1_84' title='bbox 455 2071 752 2158; x_wconf 80' lang='lat' dir='ltr'><strong>Revereadissime</strong></span> <span class='ocrx_word' id='word_1_85' title='bbox 772 2097 916 2158; x_wconf 83' lang='lat' dir='ltr'><strong>Domine</strong></span> 
     </span>
    </p>
   </div>
   <div class='ocr_carea' id='block_1_7' title="bbox 47 2300 1012 3598">
    <p class='ocr_par' dir='ltr' id='par_1_7' title="bbox 47 2300 1012 3598">
     <span class='ocr_line' id='line_1_18' title="bbox 106 2300 1007 2380; baseline 0 -20"><span class='ocrx_word' id='word_1_86' title='bbox 106 2302 254 2363; x_wconf 86' lang='lat' dir='ltr'><strong>Perlatae</strong></span> <span class='ocrx_word' id='word_1_87' title='bbox 276 2305 350 2363; x_wconf 82' lang='lat' dir='ltr'><strong>sunt</strong></span> <span class='ocrx_word' id='word_1_88' title='bbox 373 2301 469 2364; x_wconf 79' lang='lat' dir='ltr'><strong>SSriro</strong></span> <span class='ocrx_word' id='word_1_89' title='bbox 489 2303 620 2365; x_wconf 90' lang='lat' dir='ltr'><strong>Domino</strong></span> <span class='ocrx_word' id='word_1_90' title='bbox 640 2307 757 2366; x_wconf 85' lang='lat' dir='ltr'><strong>Nostro</strong></span> <span class='ocrx_word' id='word_1_91' title='bbox 779 2300 1007 2380; x_wconf 84' lang='lat' dir='ltr'><strong>Amplitudinis</strong></span> 
     </span>
     <span class='ocr_line' id='line_1_19' title="bbox 48 2397 1012 2475; baseline 0.002 -21"><span class='ocrx_word' id='word_1_92' title='bbox 48 2397 120 2456; x_wconf 88' lang='lat' dir='ltr'><strong>tuae</strong></span> <span class='ocrx_word' id='word_1_93' title='bbox 143 2397 273 2457; x_wconf 82' lang='lat' dir='ltr'><strong>litterae</strong></span> <span class='ocrx_word' id='word_1_94' title='bbox 294 2415 362 2457; x_wconf 90' lang='lat' dir='ltr'><strong>cum</strong></span> <span class='ocrx_word' id='word_1_95' title='bbox 386 2398 522 2470; x_wconf 88' lang='lat' dir='ltr'><strong>litteris,</strong></span> <span class='ocrx_word' id='word_1_96' title='bbox 537 2417 613 2475; x_wconf 80' lang='lat' dir='ltr'><strong>quas</strong></span> <span class='ocrx_word' id='word_1_97' title='bbox 627 2399 840 2460; x_wconf 79' lang='lat' dir='ltr'><strong>Lucionenais</strong></span> <span class='ocrx_word' id='word_1_98' title='bbox 861 2397 1012 2458; x_wconf 91' lang='lat' dir='ltr'><strong>dioecesis</strong></span> 
     </span>
     <span class='ocr_line' id='line_1_20' title="bbox 48 2489 1008 2564; baseline 0 -14"><span class='ocrx_word' id='word_1_99' title='bbox 48 2489 174 2564; x_wconf 85' lang='lat' dir='ltr'><strong>parochi</strong></span> <span class='ocrx_word' id='word_1_100' title='bbox 197 2492 234 2550; x_wconf 91' lang='lat' dir='ltr'><strong>ad</strong></span> <span class='ocrx_word' id='word_1_101' title='bbox 257 2494 289 2550; x_wconf 90' lang='lat' dir='ltr'><strong>te</strong></span> <span class='ocrx_word' id='word_1_102' title='bbox 311 2493 566 2552; x_wconf 89' lang='lat' dir='ltr'><strong>transmiserunt.</strong></span> <span class='ocrx_word' id='word_1_103' title='bbox 589 2493 637 2552; x_wconf 85' lang='lat' dir='ltr'><strong>lix</strong></span> <span class='ocrx_word' id='word_1_104' title='bbox 659 2493 707 2552; x_wconf 92' lang='lat' dir='ltr'><strong>his</strong></span> <span class='ocrx_word' id='word_1_105' title='bbox 722 2492 906 2552; x_wconf 78' lang='lat' dir='ltr'><strong>incredibile</strong></span> <span class='ocrx_word' id='word_1_106' title='bbox 922 2490 1008 2551; x_wconf 89' lang='lat' dir='ltr'><strong>dictu</strong></span> 
     </span>
     <span class='ocr_line' id='line_1_21' title="bbox 48 2585 1008 2663; baseline 0.004 -23"><span class='ocrx_word' id='word_1_107' title='bbox 48 2590 94 2644; x_wconf 88' lang='lat' dir='ltr'><strong>est</strong></span> <span class='ocrx_word' id='word_1_108' title='bbox 115 2588 234 2660; x_wconf 88' lang='lat' dir='ltr'><strong>quanto</strong></span> <span class='ocrx_word' id='word_1_109' title='bbox 256 2585 416 2646; x_wconf 83' lang='lat' dir='ltr'><strong>Sanctitas</strong></span> <span class='ocrx_word' id='word_1_110' title='bbox 438 2587 501 2646; x_wconf 88' lang='lat' dir='ltr'><strong>Sua</strong></span> <span class='ocrx_word' id='word_1_111' title='bbox 522 2586 827 2663; x_wconf 83' lang='lat' dir='ltr'><strong>superabundaverit</strong></span> <span class='ocrx_word' id='word_1_112' title='bbox 846 2585 960 2663; x_wconf 79' lang='lat' dir='ltr'><strong>gaudio</strong></span> <span class='ocrx_word' id='word_1_113' title='bbox 975 2585 1008 2644; x_wconf 92' lang='lat' dir='ltr'><strong>in</strong></span> 
     </span>
     <span class='ocr_line' id='line_1_22' title="bbox 49 2673 1010 2751; baseline 0.003 -16"><span class='ocrx_word' id='word_1_114' title='bbox 49 2678 130 2736; x_wconf 92' lang='lat' dir='ltr'><strong>omni</strong></span> <span class='ocrx_word' id='word_1_115' title='bbox 153 2677 360 2739; x_wconf 85' lang='lat' dir='ltr'><strong>tribulatione</strong></span> <span class='ocrx_word' id='word_1_116' title='bbox 381 2678 520 2740; x_wconf 84' lang='lat' dir='ltr'><strong>fidelium</strong></span> <span class='ocrx_word' id='word_1_117' title='bbox 545 2673 747 2740; x_wconf 87' lang='lat' dir='ltr'><strong>Lucionensis</strong></span> <span class='ocrx_word' id='word_1_118' title='bbox 775 2679 936 2751; x_wconf 89' lang='lat' dir='ltr'><strong>dioecesis,</strong></span> <span class='ocrx_word' id='word_1_119' title='bbox 953 2695 1010 2738; x_wconf 89' lang='lat' dir='ltr'><strong>au-</strong></span> 
     </span>
     <span class='ocr_line' id='line_1_23' title="bbox 48 2771 1009 2848; baseline 0.004 -20"><span class='ocrx_word' id='word_1_120' title='bbox 48 2771 134 2830; x_wconf 88' lang='lat' dir='ltr'><strong>diens</strong></span> <span class='ocrx_word' id='word_1_121' title='bbox 156 2787 262 2830; x_wconf 90' lang='lat' dir='ltr'><strong>eorum</strong></span> <span class='ocrx_word' id='word_1_122' title='bbox 284 2771 376 2832; x_wconf 87' lang='lat' dir='ltr'><strong>fldem</strong></span> <span class='ocrx_word' id='word_1_123' title='bbox 398 2790 434 2832; x_wconf 88' lang='lat' dir='ltr'><strong>ac</strong></span> <span class='ocrx_word' id='word_1_124' title='bbox 448 2773 585 2833; x_wconf 90' lang='lat' dir='ltr'><strong>studium</strong></span> <span class='ocrx_word' id='word_1_125' title='bbox 607 2772 639 2832; x_wconf 90' lang='lat' dir='ltr'><strong>in</strong></span> <span class='ocrx_word' id='word_1_126' title='bbox 660 2772 825 2833; x_wconf 79' lang='lat' dir='ltr'><strong>Catholica</strong></span> <span class='ocrx_word' id='word_1_127' title='bbox 839 2771 1009 2848; x_wconf 79' lang='lat' dir='ltr'><strong>Religione</strong></span> 
     </span>
     <span class='ocr_line' id='line_1_24' title="bbox 48 2865 1011 2944; baseline 0 -20"><span class='ocrx_word' id='word_1_128' title='bbox 48 2868 175 2939; x_wconf 85' lang='lat' dir='ltr'><strong>tuenda,</strong></span> <span class='ocrx_word' id='word_1_129' title='bbox 199 2883 254 2924; x_wconf 92' lang='lat' dir='ltr'><strong>nec</strong></span> <span class='ocrx_word' id='word_1_130' title='bbox 276 2883 334 2926; x_wconf 89' lang='lat' dir='ltr'><strong>uon</strong></span> <span class='ocrx_word' id='word_1_131' title='bbox 350 2867 535 2942; x_wconf 88' lang='lat' dir='ltr'><strong>patientiam</strong></span> <span class='ocrx_word' id='word_1_132' title='bbox 557 2868 589 2927; x_wconf 93' lang='lat' dir='ltr'><strong>in</strong></span> <span class='ocrx_word' id='word_1_133' title='bbox 610 2866 803 2944; x_wconf 80' lang='lat' dir='ltr'><strong>perferendis</strong></span> <span class='ocrx_word' id='word_1_134' title='bbox 824 2867 928 2935; x_wconf 84' lang='lat' dir='ltr'><strong>malis,</strong></span> <span class='ocrx_word' id='word_1_135' title='bbox 942 2865 1011 2942; x_wconf 88' lang='lat' dir='ltr'><strong>qui-</strong></span> 
     </span>
     <span class='ocr_line' id='line_1_25' title="bbox 48 2949 1005 3040; baseline 0.002 -22"><span class='ocrx_word' id='word_1_136' title='bbox 48 2959 103 3021; x_wconf 91' lang='lat' dir='ltr'><strong>bus</strong></span> <span class='ocrx_word' id='word_1_137' title='bbox 124 2949 365 3021; x_wconf 88' lang='lat' dir='ltr'><strong>luctuosissimis</strong></span> <span class='ocrx_word' id='word_1_138' title='bbox 394 2961 478 3020; x_wconf 88' lang='lat' dir='ltr'><strong>bisce</strong></span> <span class='ocrx_word' id='word_1_139' title='bbox 508 2963 700 3040; x_wconf 90' lang='lat' dir='ltr'><strong>temporibus</strong></span> <span class='ocrx_word' id='word_1_140' title='bbox 729 2961 788 3039; x_wconf 90' lang='lat' dir='ltr'><strong>ipsi</strong></span> <span class='ocrx_word' id='word_1_141' title='bbox 810 2961 1005 3038; x_wconf 86' lang='lat' dir='ltr'><strong>affliguntur.</strong></span> 
     </span>
     <span class='ocr_line' id='line_1_26' title="bbox 48 3052 1010 3132; baseline 0.001 -21"><span class='ocrx_word' id='word_1_142' title='bbox 48 3054 126 3113; x_wconf 88' lang='lat' dir='ltr'><strong>Hinc</strong></span> <span class='ocrx_word' id='word_1_143' title='bbox 149 3056 186 3113; x_wconf 92' lang='lat' dir='ltr'><strong>ut</strong></span> <span class='ocrx_word' id='word_1_144' title='bbox 206 3054 421 3131; x_wconf 82' lang='lat' dir='ltr'><strong>quantocitius</strong></span> <span class='ocrx_word' id='word_1_145' title='bbox 442 3053 512 3112; x_wconf 90' lang='lat' dir='ltr'><strong>fleri</strong></span> <span class='ocrx_word' id='word_1_146' title='bbox 534 3059 639 3132; x_wconf 88' lang='lat' dir='ltr'><strong>posset</strong></span> <span class='ocrx_word' id='word_1_147' title='bbox 652 3055 769 3115; x_wconf 91' lang='lat' dir='ltr'><strong>eisdem</strong></span> <span class='ocrx_word' id='word_1_148' title='bbox 784 3054 930 3115; x_wconf 87' lang='lat' dir='ltr'><strong>fidelibus</strong></span> <span class='ocrx_word' id='word_1_149' title='bbox 944 3052 1010 3131; x_wconf 90' lang='lat' dir='ltr'><strong>opi·</strong></span> 
     </span>
     <span class='ocr_line' id='line_1_27' title="bbox 49 3147 1010 3224; baseline 0 -18"><span class='ocrx_word' id='word_1_150' title='bbox 49 3149 218 3220; x_wconf 87' lang='lat' dir='ltr'><strong>tularetur,</strong></span> <span class='ocrx_word' id='word_1_151' title='bbox 241 3153 335 3224; x_wconf 83' lang='lat' dir='ltr'><strong>atque</strong></span> <span class='ocrx_word' id='word_1_152' title='bbox 357 3147 563 3224; x_wconf 85' lang='lat' dir='ltr'><strong>petitionibus</strong></span> <span class='ocrx_word' id='word_1_153' title='bbox 582 3150 646 3208; x_wconf 88' lang='lat' dir='ltr'><strong>tuis</strong></span> <span class='ocrx_word' id='word_1_154' title='bbox 668 3149 879 3222; x_wconf 82' lang='lat' dir='ltr'><strong>satisfaceret,</strong></span> <span class='ocrx_word' id='word_1_155' title='bbox 895 3166 948 3207; x_wconf 88' lang='lat' dir='ltr'><strong>eas</strong></span> <span class='ocrx_word' id='word_1_156' title='bbox 962 3165 1010 3206; x_wconf 89' lang='lat' dir='ltr'><strong>se-</strong></span> 
     </span>
     <span class='ocr_line' id='line_1_28' title="bbox 47 3239 1010 3317; baseline -0.001 -18"><span class='ocrx_word' id='word_1_157' title='bbox 47 3239 147 3300; x_wconf 89' lang='lat' dir='ltr'><strong>lectae</strong></span> <span class='ocrx_word' id='word_1_158' title='bbox 169 3239 384 3300; x_wconf 76' lang='lat' dir='ltr'><strong>cardinalium</strong></span> <span class='ocrx_word' id='word_1_159' title='bbox 405 3241 649 3317; x_wconf 78' lang='lat' dir='ltr'><strong>Congregationi</strong></span> <span class='ocrx_word' id='word_1_160' title='bbox 677 3242 899 3304; x_wconf 85' lang='lat' dir='ltr'><strong>examinandas</strong></span> <span class='ocrx_word' id='word_1_161' title='bbox 923 3257 1010 3300; x_wconf 92' lang='lat' dir='ltr'><strong>com-</strong></span> 
     </span>
     <span class='ocr_line' id='line_1_29' title="bbox 47 3331 1011 3412; baseline 0 -20"><span class='ocrx_word' id='word_1_162' title='bbox 47 3334 153 3406; x_wconf 79' lang='lat' dir='ltr'><strong>misit3</strong></span> <span class='ocrx_word' id='word_1_163' title='bbox 176 3349 254 3409; x_wconf 92' lang='lat' dir='ltr'><strong>quae</strong></span> <span class='ocrx_word' id='word_1_164' title='bbox 276 3335 381 3392; x_wconf 87' lang='lat' dir='ltr'><strong>autem</strong></span> <span class='ocrx_word' id='word_1_165' title='bbox 403 3351 422 3392; x_wconf 86' lang='lat' dir='ltr'><strong>a</strong></span> <span class='ocrx_word' id='word_1_166' title='bbox 442 3331 584 3409; x_wconf 82' lang='lat' dir='ltr'><strong>praefata</strong></span> <span class='ocrx_word' id='word_1_167' title='bbox 608 3336 858 3412; x_wconf 77' lang='lat' dir='ltr'><strong>congregatione</strong></span> <span class='ocrx_word' id='word_1_168' title='bbox 880 3335 1011 3393; x_wconf 81' lang='lat' dir='ltr'><strong>decreta</strong></span> 
     </span>
     <span class='ocr_line' id='line_1_30' title="bbox 48 3425 1009 3504; baseline 0.001 -19"><span class='ocrx_word' id='word_1_169' title='bbox 48 3430 134 3499; x_wconf 90' lang='lat' dir='ltr'><strong>sunt,</strong></span> <span class='ocrx_word' id='word_1_170' title='bbox 156 3443 192 3486; x_wconf 88' lang='lat' dir='ltr'><strong>ac</strong></span> <span class='ocrx_word' id='word_1_171' title='bbox 211 3425 343 3501; x_wconf 88' lang='lat' dir='ltr'><strong>probate</strong></span> <span class='ocrx_word' id='word_1_172' title='bbox 363 3426 401 3484; x_wconf 92' lang='lat' dir='ltr'><strong>ab</strong></span> <span class='ocrx_word' id='word_1_173' title='bbox 423 3427 529 3486; x_wconf 90' lang='lat' dir='ltr'><strong>eadem</strong></span> <span class='ocrx_word' id='word_1_174' title='bbox 551 3426 730 3486; x_wconf 81' lang='lat' dir='ltr'><strong>Sanctitate</strong></span> <span class='ocrx_word' id='word_1_175' title='bbox 751 3429 827 3502; x_wconf 88' lang='lat' dir='ltr'><strong>Sua,</strong></span> <span class='ocrx_word' id='word_1_176' title='bbox 846 3426 1009 3504; x_wconf 84' lang='lat' dir='ltr'><strong>Amplitu-</strong></span> 
     </span>
     <span class='ocr_line' id='line_1_31' title="bbox 50 3519 1008 3598; baseline -0.003 -18"><span class='ocrx_word' id='word_1_177' title='bbox 50 3521 113 3580; x_wconf 90' lang='lat' dir='ltr'><strong>dini</strong></span> <span class='ocrx_word' id='word_1_178' title='bbox 136 3525 208 3581; x_wconf 86' lang='lat' dir='ltr'><strong>tuae</strong></span> <span class='ocrx_word' id='word_1_179' title='bbox 223 3535 271 3579; x_wconf 89' lang='lat' dir='ltr'><strong>me</strong></span> <span class='ocrx_word' id='word_1_180' title='bbox 286 3519 461 3597; x_wconf 82' lang='lat' dir='ltr'><strong>significare</strong></span> <span class='ocrx_word' id='word_1_181' title='bbox 484 3519 658 3580; x_wconf 84' lang='lat' dir='ltr'><strong>mandavit.</strong></span> <span class='ocrx_word' id='word_1_182' title='bbox 673 3521 810 3598; x_wconf 77' lang='lat' dir='ltr'><strong>Expouis</strong></span> <span class='ocrx_word' id='word_1_183' title='bbox 824 3521 932 3598; x_wconf 88' lang='lat' dir='ltr'><strong>itaque</strong></span> <span class='ocrx_word' id='word_1_184' title='bbox 948 3536 1008 3579; x_wconf 88' lang='lat' dir='ltr'><strong>uon</strong></span> 
     </span>
    </p>
   </div>
   <div class='ocr_carea' id='block_1_8' title="bbox 0 0 1250 4202">
    <p class='ocr_par' dir='ltr' id='par_1_8' title="bbox 0 0 1250 4202">
     <span class='ocr_line' id='line_1_32' title="bbox 0 0 1250 4202; baseline 0 2"><span class='ocrx_word' id='word_1_185' title='bbox 0 0 1250 4202; x_wconf 95' lang='lat' dir='ltr'><strong> </strong></span> 
     </span>
    </p>
   </div>
  </div>
 </body>
</html>
