2372 4198
595 216 633 231 -
654 185 715 247 300
736 218 774 233 -
1176 193 1177 250 1

150 353 152 360 ⁴
206 289 332 352 rialium
344 291 539 351 Litterarum
552 291 615 352 diei
627 293 664 352 13
675 293 797 371 Aprilis
809 294 986 372 superioris
994 293 1067 355 anui
1079 295 1166 366 1791,

207 388 244 445 11
263 384 393 461 quisque
416 387 577 460 Vestrum,
593 389 694 464 quoad
716 389 784 450 eius
798 388 869 449 fieri
891 389 1024 466 poterit,
1037 389 1166 448 circum·

206 477 350 539 ferendas
371 479 462 538 curet
484 480 633 540 secundas
655 482 710 543 has
730 483 891 557 Litteras,
914 483 1165 560 quemadmodum

207 571 244 630 de
266 571 423 649 prioribus
444 575 618 650 praestitit,
642 576 679 637 ad
701 576 859 654 capitula,
878 578 917 636 ad
938 578 1111 649 Parochos,
1134 575 1164 634 ad

206 663 338 738 elerum,
352 666 558 744 populumque
570 668 777 746 singularium
790 669 987 742 dioecesium,
1001 669 1166 747 11111111-

206 757 284 819 stris
304 777 374 820 suas
396 777 515 836 quoque
536 761 781 836 sollicitudines,
797 765 830 822 et
850 781 943 823 curas
962 763 1131 841 adiungat.

266 853 355 913 Hand
368 853 549 930 ignoramus
560 855 715 932 equidem,
728 854 780 914 ubi
793 855 928 932 primum
941 855 1112 916 nuntiatus
1125 861 1165 916 est

207 943 239 1002 in
251 943 343 1005 istam
351 944 486 1005 insulam
498 946 641 1022 priorum
652 948 841 1010 Nostrarum
849 948 1052 1010 Litterarum
1060 951 1166 1009 adven·

208 1040 275 1112 tus,
299 1038 378 1098 nihil
399 1039 472 1099 istic
494 1040 673 1115 violentiae,
690 1046 746 1102 aut
766 1041 902 1101 iniuriae
923 1041 1077 1102 omissum
1100 1043 1164 1101 fuis·

207 1149 261 1203 se,
284 1149 351 1209 quo,
364 1134 500 1194 Nostrae
521 1135 671 1210 pateruae
694 1152 783 1194 voces
803 1134 836 1195 in
857 1135 986 1196 irritum
1009 1136 1162 1195 caderent.

206 1227 303 1298 Haud
328 1243 446 1303 quoque
475 1226 679 1303 ignoramus,
706 1247 741 1288 eo
762 1230 858 1290 etiam
884 1231 1058 1290 deventum
1081 1230 1160 1289 fuisso

207 1318 299 1378 initio
320 1320 434 1380 mensis
456 1321 531 1381 Maii
546 1321 683 1382 eiusdem
705 1323 779 1383 euni
802 1323 895 1396 1781,
911 1327 948 1384 11
969 1321 1052 1384 11111
1065 1341 1156 1401 super

206 1412 299 1472 stites
320 1417 425 1474 essent
445 1431 549 1474 omnes
576 1414 698 1474 insulae
718 1415 876 1492 episcopi,
900 1416 1024 1476 electus
1051 1417 1159 1486 fuerit,

207 1505 299 1565 iuxta
313 1506 577 1567 Constitutiouem
590 1507 764 1585 praefatam
775 1552 783 1582 ,
796 1509 829 1568 in
849 1509 1037 1586 Episcopum
1051 1509 1161 1570 insulas

208 1586 372 1659 universae
394 1599 549 1677 Ipuotius
573 1601 769 1662 Fruucr'scus
794 1599 917 1662 Guaseo
938 1601 1090 1662 civitatis
1111 1603 1162 1660 Ba·

205 1695 299 1765 stiae,
317 1694 367 1753 vir
384 1694 476 1754 senili
491 1694 553 1754 iam
576 1697 744 1771 provectus
757 1699 881 1767 aetate,
897 1695 1099 1772 multumque
1114 1695 1161 1753 dis-

207 1786 320 1847 similis
345 1806 364 1848 a
385 1789 464 1847 Ven.
488 1789 604 1847 Fratre
624 1789 772 1864 Episcopo
797 1788 1008 1859 Marianensi,
1030 1789 1119 1847 ouius
1136 1791 1161 1846 et

205 1879 452 1940 aliorum'ctiam
466 1880 691 1957 Episcoporum
712 1881 845 1941 vicarias
861 1881 945 1941 vices
960 1881 1068 1958 gessit
1080 1881 1159 1956 longo

206 1973 357 2051 temporis
375 1972 558 2033 intervallo.

266 2067 375 2142 Neque
386 2065 578 2144 ignoramus,
592 2065 774 2127 huiusmodi
785 2067 932 2136 electum,
942 2068 1086 2124 exeunte
1101 2081 1155 2123 meu

205 2178 241 2220 se
268 2160 375 2234 lunio,
401 2160 522 2220 nefario
549 2178 627 2221 ausu
656 2178 799 2233 curasse,
826 2164 862 2220 11
888 2159 947 2218 sibi
973 2159 1007 2216 iu
1039 2159 1154 2219 civitate

205 2253 354 2330 Aqucnci
368 2272 423 2330 per
437 2254 593 2315 intrusum
610 2255 811 2331 Episcopums
833 2253 969 2330 acrilege
988 2253 1149 2313 manusin·

205 2350 415 2426 ponerentur,
431 2346 572 2406 omnibus
588 2347 800 2422 pessumdatis
814 2346 937 2423 legibus
951 2363 1024 2406 cum
1040 2343 1147 2414 veteris,

206 2443 273 2500 tum
287 2457 384 2500 novae
401 2439 557 2499 Ecclesiae
569 2438 764 2516 disciplinae.
781 2439 888 2516 Neque
899 2438 975 2498 item
989 2439 1152 2516 ignoramus

206 2532 394 2612 pastoralem
409 2532 589 2610 epistolam,
606 2549 698 2608 quam
713 2531 779 2609 ipse
799 2530 836 2592 ad
852 2527 986 2608 patriam
1009 2547 1154 2595 reversus,

205 2635 240 2691 et
260 2631 296 2690 ad
320 2629 488 2705 spirituale
509 2627 631 2687 insulae
653 2625 791 2704 regimen
815 2623 958 2686 invectus
980 2627 1156 2704 vulgandam

204 2721 345 2795 curavit,
362 2721 412 2780 die
429 2721 467 2782 10
481 2720 554 2781 11111
571 2719 775 2780 eiusdemmet
789 2719 876 2792 anui,
892 2737 970 2795 quae
986 2719 1069 2779 nihil
1085 2735 1157 2796 prae

205 2815 281 2887 fert,
297 2815 374 2892 quod
392 2830 513 2874 sacrum
528 2815 744 2874 characterem
760 2831 819 2872 non
835 2815 983 2892 deturpet
1003 2816 1099 2890 atque
1119 2812 1157 2868 de-

119 2961 121 2968 ,
206 2910 344 2980 decoret,
360 2925 499 2986 quaeque
520 2906 559 2966 iis
580 2924 638 2966 111
661 2908 827 2966 cohaereat
853 2904 936 2964 fictis
956 2922 993 2964 ac
1015 2902 1158 2965 simuletis

204 3003 278 3076 aeli,
294 3001 475 3073 charitatis,
491 3005 524 3060 11
545 3019 614 3060 111
636 3003 695 3061 hac
708 3002 824 3060 Sancta
844 2999 923 3059 Sede
945 2996 1156 3060 communionis

204 3093 358 3167 sensibus,
374 3093 485 3171 quibus
498 3091 616 3152 intrusi
638 3109 744 3150 omnes
758 3089 790 3148 in
814 3089 876 3150 suis
889 3091 1106 3151 Pastoralib'us
1118 3085 1156 3146 nsi

205 3191 299 3248 sunt:
325 3187 466 3246 sensibus
486 3184 654 3259 nimirum,
677 3185 728 3261 qui
752 3182 889 3260 ipsorum
923 3184 1017 3243 iactis
1039 3185 1156 3244 adversa

205 3279 311 3340 fronte
340 3281 501 3356 pugnant,
529 3293 722 3354 quorumque
750 3277 923 3339 falsitatem
952 3276 1106 3354 prioribus
1131 3273 1154 3330 11

204 3373 318 3435 alteris
338 3373 466 3434 Nostris
486 3370 623 3432 Litteris
645 3371 723 3432 satis
741 3371 919 3431 luculenter
940 3369 1121 3431 deteximus.

268 3466 460 3529 Temerariis
474 3465 558 3525 hisce
581 3465 706 3526 ausibus
721 3463 867 3526 adiunxit
887 3464 1028 3525 intrusus
1042 3458 1151 3521 electio·
