2364 4198
690 205 748 267 196
769 237 807 252 -
1176 233 1177 284 q

235 310 315 370 tidie
336 309 425 369 dolor
446 311 589 384 affertur,
606 329 665 371 non
687 312 759 372 leve
780 312 809 371 ei
824 313 955 389 praebet
976 332 1015 373 ex
1028 285 1177 374 eademne-l

237 405 327 484 gione
336 403 484 465 solatium
499 423 571 464 ven.
582 423 675 466 serve
685 410 775 467 Dom.
786 424 890 468 nnana
899 425 940 467 aa
951 427 1170 482 incensarium,

236 517 314 577 quae
335 498 396 558 iam
419 498 515 574 digna
542 499 690 559 caelitum
712 500 900 574 honoribus,
925 508 1077 580 pervento
1097 519 1172 579 nuper

235 595 273 654 ad
295 593 415 653 exitum
437 591 564 662 iudicio,
582 597 709 668 reperta
729 598 789 653 est.

294 685 385 747 Nihil
406 685 488 742 enim
511 685 646 761 tempori
677 687 940 746 accommodatius
962 705 1031 748 ease
1052 691 1172 764 poterat,

235 799 326 862 quam
342 783 379 838 ut
392 779 419 838 ei
435 779 577 854 publicus
589 779 620 837 in
634 780 738 855 petria
752 782 976 842 decerneretur
989 783 1103 855 cultus,
1113 783 1173 840 eine·

234 894 294 954 quo
314 875 384 933 vita
404 871 526 932 civibus
546 873 712 933 recolenda
732 877 766 933 et
786 874 939 934 imitanda
960 881 1171 952 proponeretur,

233 985 312 1046 quae
333 966 487 1043 superiori
505 966 640 1037 saeculo,
658 971 814 1043 tamquam
830 968 1112 1044 praeclarissimum
1125 985 1172 1026 san·

233 1063 360 1123 etitatis'
370 1061 543 1137 exenuplar,
556 1061 680 1136 publico
695 1061 856 1120 Gallorum
870 1061 1054 1120 testimonio
1066 1063 1171 1121 celebra·

233 1161 277 1230 ta,
294 1157 355 1215 iam
373 1160 437 1214 tum
462 1155 530 1213 visa
544 1159 595 1214 est
614 1153 708 1213 factis
722 1154 875 1230 dictisque
893 1153 959 1213 suis
973 1155 1117 1231 profanas
1128 1153 1169 1230 plo·

231 1269 344 1326 resque
366 1245 459 1312 huius
480 1246 632 1323 temporis
655 1247 816 1307 novitates
838 1249 1038 1324 reprobasse.

290 1345 437 1403 Summus
458 1339 540 1398 enim
556 1339 588 1398 in
610 1358 647 1400 ea
661 1339 766 1399 eluxit
781 1340 955 1400 catholicae
970 1341 1047 1401 fidei
1067 1343 1163 1403 dilatau-

229 1439 287 1497 dae
304 1438 412 1507 ardor,
436 1451 589 1494 summum
617 1434 649 1492 iu
672 1435 813 1512 augendo
844 1435 1012 1512 religionis
1035 1438 1162 1514 splendunt

229 1530 367 1590 stodiam
385 1543 534 1600 ,summa
555 1527 586 1584 in
609 1527 804 1598 Ecclesiam,
829 1528 957 1606 eiusque
984 1515 1177 1606 hierarchiae]

228 1625 330 1703 pietas
350 1627 444 1698 atque
466 1621 680 1681 observantia.
1176 1613 1177 1622 ’

287 1719 373 1778 llaec
396 1719 431 1775 ut
451 1717 597 1775 haereses
617 1715 743 1775 omnino
765 1716 1026 1793 exstirparentur
1048 1716 1177 1794 sollicito,

228 1811 362 1874 assiduis
393 1811 423 1869 id
446 1830 465 1869 a
484 1812 547 1869 Deo
571 1811 714 1886 precibus
734 1811 913 1886 flagitavit,
939 1814 1039 1886 atque
1060 1801 1177 1870 adhibito*

226 1905 519 1969 Ecclesiasticorum
550 1905 691 1963 virorum
720 1905 919 1977 ministerio,
942 1925 998 1965 nec
1024 1905 1169 1982 sumptibus

229 2021 286 2062 nec
301 1999 400 2060 labori
418 1997 577 2076 pepercit,
592 2001 630 2080 ut
644 2001 680 2058 od
701 1999 860 2058 Ecclesiae
883 1999 984 2059 sinum
1010 2004 1171 2060 reduceren-

229 2098 282 2155 tur
303 2091 467 2163 haeretici‚
484 2095 518 2150 et
539 2091 732 2152 salutaribus
747 2092 905 2152 institutis
923 2092 1144 2154 imbuerentur.
1176 2133 1177 2156 1

286 2186 368 2247 Huic
390 2183 520 2260 templa,
536 2185 874 2260 corumque-ministri,
890 2203 1023 2261 quorum
1049 2171 1177 2262 nonem-l

225 2281 344 2342 blicata
358 2285 432 2338 sunt
446 2279 536 2350 bone,
550 2278 731 2356 reditusque
748 2279 919 2348 imminuti,
932 2280 1012 2338 adeo
1025 2299 1118 2340 curae
1128 2265 1177 2336 lue]

227 2380 320 2446 runt,
345 2377 381 2433 ut
402 2391 508 2432 eorum
531 2373 666 2449 inopiam
697 2375 813 2451 partim
836 2391 915 2444 sua,
940 2375 1061 2449 partim
1084 2374 1163 2433 eotuu

226 2469 362 2545 undique
384 2467 464 2542 stipe
487 2465 680 2538 sublevaret,
697 2472 790 2542 atque
810 2466 841 2523 in
871 2463 1093 2542 comparandis
1112 2466 1165 2524 altu·

225 2561 307 2621 rium
331 2559 547 2631 ornamentis,
581 2558 633 2616 vel
657 2557 839 2634 pretiosiori
868 2575 1030 2618 sacrorum
1066 2557 1172 2635 supelle·

225 2653 320 2726 etilo,
341 2671 427 2712 suam
450 2645 557 2710 sedulo
577 2651 794 2727 impenderet,
818 2650 1015 2728 aliarumque
1038 2659 1170 2712 matrona·

224 2767 292 2808 rum
316 2749 474 2805 excitaret
494 2745 695 2804 industriam.

283 2840 440 2918 Religiosi
464 2858 558 2916 porro
579 2839 730 2911 Ordines,
751 2857 827 2916 quos
843 2857 923 2899 nnnc
943 2839 1072 2900 omnino
1090 2839 1171 2898 delent

223 2935 326 2995 Gallis
347 2940 396 2993 est
417 2933 644 3006 constitutum,
662 2937 751 2992 tanto
773 2935 854 3008 apud
876 2951 943 2991 eam
960 2935 991 2991 in
1016 2936 1131 2992 honore
1148 2943 1170 2984 at

222 3028 326 3105 pretio
345 3027 491 3098 fuerunt,
510 3033 551 3086 nt
572 3046 630 3086 non
654 3028 744 3086 modo
773 3026 910 3104 impense
933 3044 1029 3103 usque
1052 3024 1168 3088 foverit,

167 3123 175 3130 “
222 3122 415 3198 copiosisque
437 3120 585 3179 subsidiis
606 3119 806 3191 sustentarit‚
823 3123 896 3191 sed,
913 3124 950 3178 ut
973 3139 1073 3180 novos
1093 3118 1171 3179 etian

221 3217 388 3275 inveheret
410 3214 441 3272 in
464 3214 851 3286 GallinsCarmelitaru'm
868 3216 1056 3290 praesertim
1079 3211 1170 3276 Excal-

222 3314 383 3369 ceaterum
398 3308 566 3380 familiam,
580 3307 750 3385 plurimum
765 3307 886 3384 opibus,
901 3307 1017 3384 gratia,
1032 3306 1145 3367 laborib

222 3402 331 3464 adnisa
352 3403 413 3475 sit3
435 3402 541 3479 eisque
565 3407 600 3460 ut
622 3404 757 3477 primum
779 3403 811 3460 in
838 3402 949 3460 humili
979 3401 1146 3460 servientiu

221 3503 320 3576 gradu
343 3496 545 3560 adnumerari
567 3495 607 3555 im
612 3495 770 3573 petreum,
786 3495 955 3556 maximum
970 3495 1001 3555 id
1017 3497 1114 3556 luisse
1162 3483 1167 3496 '
