2456 4192
47 298 382 374 nenatisiucrsdulitatis,
393 298 623 378 pravitatisque
637 298 763 377 scriptis
774 303 976 389 oppugnata„

46 391 105 456 Quod
127 391 222 453 sinon
253 391 504 470 praedicavimus
523 409 618 470 super
638 395 747 467 tecta,
768 411 828 454 non
859 397 964 456 tamen

46 501 154 561 uuquam
167 485 429 548 dissimulavimus
442 485 627 559 veritatem,
639 485 763 562 quoties
776 485 897 548 efficere
910 505 967 566 po-

45 578 140 652 tuinns,
153 582 186 639 nt
204 595 241 642 ea
253 579 291 641 ad
314 578 374 640 'l'ui
396 576 514 638 similes
528 593 689 655 supremos
710 577 873 656 Principes
894 597 966 658 per·

45 670 144 744 veniret,
158 687 254 748 neque
268 671 440 732 timendum
461 672 558 744 esset,
573 687 611 730 ne
624 669 738 732 altaris
757 670 916 734 Ministris
930 671 963 732 iu

49 769 178 842 pericnlum
190 769 345 844 adductis,
362 769 443 830 nihil
464 771 570 831 iumen
585 768 759 848 Religioni,
773 769 864 831 ouius
885 774 966 832 tam·

47 879 105 936 quen
117 863 320 924 instrumenta
333 863 385 924 illi
406 865 498 936 suut,
512 863 659 941 prodesse
679 880 852 941 possemus.
868 864 965 944 Erige

47 955 75 1014 lu
89 957 152 1033 ipse,
165 957 331 1018 carissime
345 957 377 1016 iu
398 956 524 1020 christo
544 954 611 1017 Fili
623 957 754 1030 Noster,
769 973 876 1018 eorum
896 957 966 1019 ani·
1068 957 1075 974 ‘

44 1053 136 1119 nocet
152 1051 281 1112 hortare
301 1050 334 1110 iu
356 1053 408 1111 tot
427 1048 569 1111 adversis
589 1049 683 1110 rebus
703 1051 743 1112 ad
765 1049 964 1128 patientiam,

45 1157 67 1200 ee
81 1145 110 1204 sd
126 1162 224 1205 veram
246 1144 453 1221 stabilemque
481 1142 685 1203 voluntatum
707 1143 917 1206 constantiam
931 1145 964 1206 in

43 1236 175 1297 retinendis
195 1237 282 1298 veris
302 1235 487 1315 principiis,
507 1236 768 1316 observandisque
794 1239 965 1304 Catholicis

44 1329 215 1408 praescriptis.
227 1333 274 1392 lit
286 1333 321 1390 ut
332 1329 472 1390 dubitari
485 1347 545 1390 nou
556 1333 673 1408 potest,
682 1349 720 1393 ea
729 1350 808 1409 quae
819 1333 850 1392 in
864 1335 964 1398 'l'uam

44 1419 158 1484 bitionem
170 1424 326 1504 ingruunt
340 1423 433 1497 mala,
448 1441 469 1484 a
481 1427 546 1484 Deo
559 1423 699 1486 immissa
711 1443 791 1501 esse,
808 1430 965 1507 tamquam

46 1511 143 1591 bugella,
155 1537 231 1597 quae
245 1517 304 1578 ille
324 1517 390 1595 ipse
404 1517 535 1596 Populis
549 1517 670 1598 infligit
691 1517 831 1580 eiusdem
844 1521 965 1600 Legum

52 1604 151 1685 obsequio
162 1610 407 1684 reluctantibus,
421 1609 470 1672 ita
482 1609 556 1690 quid
572 1615 637 1672 tam
648 1612 686 1673 ab
700 1611 861 1690 Episcopis
875 1631 968 1692 prae-

52 1700 149 1764 standum
167 1710 227 1779 est,
250 1721 344 1783 quam
366 1706 404 1765 ut
424 1703 568 1781 precibus
587 1706 628 1765 ad
641 1705 740 1766 Deum
761 1705 824 1766 suis
845 1705 966 1770 instare

48 1809 168 1872 nunquam
183 1798 416 1872 intermittant,
430 1815 506 1874 quas
520 1800 555 1858 et
573 1798 640 1860 Nos
652 1798 777 1859 assidue
795 1798 965 1878 fundimus,

47 1888 110 1947 ulad
126 1891 365 1954 misericordiam
387 1907 535 1970 opemque
549 1893 757 1952 convertatur
770 1890 877 1954 Divini
886 1896 968 1958 Red-

45 1984 156 2056 enptoris
179 1986 230 2051 ira
260 1989 373 2048 contra
393 1986 551 2064 hominum
581 1985 759 2065 pravitates
785 1987 968 2051 concitata!

45 2071 118 2150 Neque
129 2081 205 2140 enim
226 2081 297 2142 ulla
309 2085 439 2158 possunt
452 2080 578 2142 aliunde
592 2078 714 2158 sperari
729 2083 890 2142 tantorum
903 2099 969 2144 ma·

45 2163 115 2228 lorum
127 2171 291 2235 levamine.
308 2175 482 2251 Praecipua
502 2174 580 2235 item
594 2189 702 2234 eorum
720 2191 791 2234 esse·
801 2173 894 2235 debet
906 2192 965 2253 pro

43 2259 220 2334 spiritualibus
244 2268 369 2330 tuendis
399 2266 522 2328 iuribus
541 2266 728 2341 contentio,
749 2285 788 2328 ne
807 2267 967 2330 Ecclesiae

43 2351 83 2426 ipsi
99 2353 279 2434 adimantur,
294 2361 344 2421 cui
365 2360 542 2422 intentatae
559 2359 623 2422 iam
644 2359 747 2422 minae
768 2365 862 2436 euut;
877 2379 968 2441 prae·

43 2462 81 2519 que
101 2451 158 2512 illie
182 2453 287 2515 miuus
313 2458 400 2516 certe
425 2451 604 2532 permoveri
630 2453 766 2528 debent,
797 2454 824 2516 si
852 2455 967 2520 ceteris

45 2536 113 2618 bunis,
126 2563 158 2606 ac
177 2548 410 2626 praerogativis
431 2548 662 2626 exspolientur.

83 2638 190 2704 Interea
209 2643 275 2705 Nos
296 2640 438 2720 (cumde
458 2639 589 2702 maximi
610 2639 760 2701 momenti
781 2655 815 2700 re
835 2640 967 2720 agatur)
1090 2640 1093 2646 '

44 2727 227 2809 deugnmdam
242 2737 275 2796 S.
289 2739 329 2798 R.
341 2736 377 2796 li.
394 2733 607 2796 cardinalium
619 2732 903 2812 congregationem
916 2733 969 2796 de-

42 2825 173 2904 crevimus,
185 2829 223 2890 ad
236 2829 363 2905 eiusque
378 2827 653 2906 diligentissimum
668 2844 797 2890 examen
811 2827 968 2887 adducen-

43 2913 69 2972 da
82 2936 120 2994 ea,
132 2941 206 2999 qnae
227 2922 325 2985 Nobis
339 2923 424 2982 Tuae
445 2921 625 2982 Maiestatis
637 2921 761 2982 nomine
781 2938 838 2998 per
859 2921 969 2982 (lardi-

42 3007 116 3070 nelem
133 3015 169 3076 de
187 3016 309 3077 Beroia
327 3013 490 3092 proposita
509 3017 595 3075 sunt.
619 3014 679 3075 Sed
701 3031 771 3074 oum
791 3014 867 3074 haec
888 3013 969 3076 deli·

42 3096 132 3166 beratio
144 3110 248 3171 multo
268 3110 339 3187 plus
358 3107 492 3170 fortusse
520 3109 701 3168 retardaret
720 3105 967 3168 extraordinarii

41 3199 146 3262 cursoris
164 3203 320 3276 reditum,
335 3219 428 3280 quam
447 3219 468 3262 a
488 3201 584 3262 Vobis
601 3203 822 3278 exspectetur;
838 3219 968 3280 cumque

42 3281 87 3360 ipse
109 3293 276 3358 (terdinalie
306 3295 455 3358 Minister
485 3297 571 3356 Tuus
592 3293 746 3358 sollicitet
775 3297 839 3358 Nos
860 3297 897 3356 ad
920 3311 970 3356 re·

43 3385 219 3453 spondendum
240 3389 405 3468 postremis
425 3389 603 3452 Maiestatis
624 3391 710 3450 Tuae
729 3388 886 3462 Litteris,
906 3406 967 3448 non

45 3468 102 3534 liud
120 3480 205 3543 bodie
226 3482 329 3546 facere
350 3499 524 3560 possumus,
540 3501 632 3560 quam
653 3481 771 3560 primos
791 3482 848 3544 hos
870 3479 967 3542 enimi

115 3603 167 3656 Vol.
183 3608 208 3669 Ι.
859 3605 874 3652 t
