2492 4202
436 237 474 250 -
495 206 614 266 269-

29 313 153 390 aliquo
163 311 353 386 benipnitas
366 308 487 372 Nostra
498 313 703 388 reprebendi,
716 331 789 374 euna
798 315 1006 390 satisfacien-

30 413 78 464 tes
101 403 297 480 recipimus,
313 419 392 481 quos
413 403 575 464 doluimus
595 421 659 465 csse
680 406 833 483 deceptos.

91 495 259 556 Nonnihil
279 514 397 574 quoque
419 497 555 559 recreati
576 499 682 558 animo
705 517 810 560 sumus
832 517 872 560 ex
894 499 1006 559 nuncio

30 592 67 652 ad
92 590 167 650 Nos
183 588 303 662 delato,
316 590 475 651 intrusum
490 591 780 668 Rottomapensem
794 609 860 652 sese
875 610 1008 670 occupe-

32 687 66 742 ta
87 681 170 740 sede
194 680 363 756 abdicasse,
388 702 443 744 nec
464 703 522 744 nou
539 685 620 745 alios
640 686 782 746 intrusos
803 686 909 762 fugam
924 686 1008 746 arri·

31 776 155 852 puisse.
181 777 269 836 Haec
290 793 382 853 porro
403 778 772 856 intelligentembouum
802 779 881 839 illud
904 797 1009 857 respe-

31 869 159 941 ximus,
184 870 266 945 qupd
286 871 325 931 ab
346 888 452 932 eorum
475 872 668 934 abdicatione
690 876 724 932 et
743 871 818 948 fuga
840 872 1005 948 profluxit.

31 962 232 1024 Huiusmodi
259 961 340 1024 euim
367 963 581 1026 abdicationes
609 970 643 1024 et
662 963 755 1042 fugae
782 964 861 1025 setis
887 965 1009 1026 Fideli-

34 1057 92 1116 bus
117 1054 338 1134 patefaciunt,
360 1075 422 1134 qua
443 1058 559 1118 intrusi
581 1057 737 1118 senserint
757 1057 844 1117 inuri
865 1075 898 1118 se
918 1058 1010 1118 dede·

34 1150 125 1210 coris
146 1151 248 1221 uota,
270 1152 304 1208 ct
323 1148 468 1226 qualibus
488 1150 696 1210 conscientiae
719 1149 857 1210 stimulis
877 1149 1007 1226 agitari,

35 1245 112 1304 dum
137 1243 235 1304 larva
255 1241 453 1320 episcopatus
480 1243 583 1305 induti
606 1244 740 1304 schisma
761 1260 854 1320 super
875 1242 954 1304 alios
975 1261 1010 1302 c·

34 1355 132 1396 mnes
154 1335 365 1408 molirentur,
388 1353 424 1396 ec
444 1335 603 1398 foverent.
626 1339 773 1400 (teterum
794 1338 853 1399 hec
866 1337 898 1396 iu
920 1339 1009 1414 perte

37 1430 197 1508 gaudium
217 1431 367 1492 Nostrum
390 1430 515 1507 plenum
537 1449 604 1492 esse
626 1448 684 1491 nou
706 1433 820 1508 potest.
841 1433 906 1492 Nos
926 1430 1010 1490 euim

39 1523 177 1586 minime
199 1522 302 1601 fugit,
324 1524 484 1584 intrusum
513 1526 817 1602 Rothomagensem,
839 1528 914 1584 tunc
940 1541 1010 1583 cum

40 1635 161 1678 munus
177 1617 352 1690 abbicabat,
368 1617 436 1678 loco
457 1619 647 1680 sacramenti
661 1618 817 1690 eiusnodi,
831 1618 1010 1696 errorisque

42 1712 241 1779 detestandi,
257 1723 344 1772 suam
358 1710 566 1787 pervicaciam
581 1729 656 1788 prae
672 1729 704 1772 se
720 1710 843 1784 tulisse3
859 1712 1013 1789 reliquos·

42 1823 102 1882 que
127 1803 240 1877 etiam,
254 1805 308 1881 qni
329 1805 435 1883 fugam
454 1804 678 1882 arripuerunt,
701 1806 783 1866 haud
805 1806 938 1868 obscure
958 1807 1013 1866 de·

44 1899 131 1960 disse
153 1916 228 1961 snae
242 1899 434 1976 pertinaciae
455 1899 637 1977 specimina,
654 1905 690 1961 ut
712 1899 842 1976 proinde
864 1917 942 1976 opus
955 1899 1010 1974 sit,

46 2011 117 2054 eum
143 1993 224 2066 hos,
247 1994 313 2052 tum
335 1993 435 2065 alios,
458 1992 512 2070 qui
533 1993 644 2053 horum
666 1993 834 2053 imitentur
857 1992 1011 2070 exempla,

46 2085 211 2148 Ecclesiae
233 2087 409 2160 cumulate,
424 2090 457 2147 et
477 2105 513 2148 ec
535 2106 594 2163 quo
606 2088 731 2148 'debent
751 2088 831 2161 ritu,
854 2087 1014 2148 satisface-

50 2200 94 2256 τος
122 2198 196 2242 nam
219 2198 305 2266 secus
319 2180 441 2257 pertrui
463 2198 524 2240 uon
545 2183 696 2258 poterunt
715 2183 836 2244 Nostra
855 2185 890 2241 et
908 2169 1029 2244 Eccle-'

45 2277 114 2338 aas
135 2273 372 2346 commuuione,
394 2273 538 2351 quoniam
566 2291 626 2336 nec
647 2293 762 2352 aspere
778 2276 1013 2338 communionis

47 2370 189 2430 Nostrae
208 2369 322 2444 pratia
335 2368 530 2444 denepanda
551 2376 607 2440 est,
624 2384 682 2430 nec
697 2378 814 2436 tenuere
826 2369 1011 2446 tarpienda,

48 2464 96 2526 uti
121 2464 215 2524 docet
235 2462 268 2521 S.
283 2462 348 2522 Leo
369 2459 425 2539 (1).

109 2558 197 2618 Haec
218 2552 401 2634 deugaudio.
424 2557 515 2616 Nunc
535 2572 613 2631 quae
635 2556 673 2615 ad
697 2557 819 2615 luctum
840 2553 1013 2631 pertinent.

47 2656 147 2718 Dolet
167 2651 265 2714 Nobis
284 2652 504 2726 vehementer,
526 2653 604 2728 quod
634 2649 727 2710 multi
749 2666 789 2708 ex
810 2649 944 2710 secundo
965 2664 1016 2708 or·

50 2751 125 2810 dine
146 2744 362 2808 Ecclesiastici
384 2745 466 2817 viri,
488 2748 522 2806 et
543 2761 655 2820 magua
676 2742 829 2804 laicorum
851 2759 946 2818 pars,
969 2745 1016 2802 te·

48 2841 147 2904 metsi
169 2857 225 2917 per
245 2840 310 2899 Nos
330 2836 463 2909 moniti,
485 2836 517 2895 in
539 2852 647 2896 errore
668 2837 773 2895 tamen
801 2833 1014 2911 perstiterint.

49 2940 96 2998 At
116 2932 334 2995 vehementius
366 2931 467 2992 adhuc
494 2929 593 2991 Nobis
615 2928 723 3000 dolet,
746 2929 826 3003 quod
855 2926 887 2986 in
910 2926 1015 2986 eodem

51 3045 164 3090 errore
184 3024 420 3103 perseverarint
434 3027 502 3084 tum
517 3022 828 3101 Aupmtoduuensis
840 3021 1014 3096 episeopus,

51 3121 239 3200 praecipuus
253 3117 433 3181 schismatis
447 3120 584 3190 auctor,
608 3120 675 3176 tum
689 3115 947 3191 archiepiscopus
959 3110 1018 3174 Sc·

53 3216 223 3286 nonensis,
241 3215 309 3272 tum
329 3211 531 3270 Vivariensis
545 3213 579 3269 et
595 3209 846 3271 Aurelianensis
865 3207 1016 3283 episcopi,

54 3313 165 3389 utpote
186 3307 323 3385 quicum
344 3304 483 3383 legitimi
505 3306 647 3382 pastores
662 3305 778 3376 esseut,
793 3301 942 3379 ignorare
957 3299 1017 3360 mi·
1115 3347 1117 3353 ,

118 3439 154 3494 (1)
172 3437 220 3488 cit.
230 3437 311 3496 epist.
321 3435 419 3484 LXXX.
436 3433 469 3483 ed
479 3433 627 3482 Anatolium
644 3431 952 3492 concasnopoucmum
959 3428 1018 3490 ltpl-

55 3527 168 3576 scopum,
178 3516 240 3561 tom.
253 3515 298 3562 VI.
310 3512 407 3561 labbei
426 3512 467 3560 col
482 3513 536 3564 109.
547 3509 597 3558 un.
609 3510 640 3556 D.
