2456 4192
1 375 2 378 Ἴ
32 309 141 380 valeat,
164 310 339 385 eapropter
359 309 532 383 opportune
553 306 714 368 decretum
736 312 797 380 est,
814 310 850 368 ut
870 308 903 367 in
920 327 996 368 una·

30 419 142 480 queque
165 400 304 461 dioecesi
326 401 515 462 elericorum
536 402 704 480 collegium
719 419 776 480 pro
791 405 881 463 modo
896 403 996 464 facul·

30 499 137 567 utum,
154 494 183 554 si
199 495 338 567 deesset,
354 493 593 570 institueretnr;
608 495 792 558 institutum
808 500 913 558 antem
929 502 995 557 stu·

32 587 197 648 diesissime
219 592 477 648 conservaretur.
494 587 564 653 Nisi
584 589 667 649 enim
685 590 837 652 aieneris
850 590 940 651 annis
954 592 992 651 ad

38 681 172 758 pietatem
185 685 222 741 et
233 680 420 758 religionem
434 681 635 756 informetur,
651 687 745 761 atque
759 683 793 742 in
808 683 993 744 litterarum

40 775 184 850 palaestra
206 777 397 834 exerceatur
417 775 453 836 ad
476 775 632 836 lubricum
659 777 725 837 iter
746 794 844 854 prona
864 795 900 839 ae
921 794 994 856 pro·

39 867 113 927 clivis
133 866 388 928 adolescentium
409 871 509 942 netas3
525 886 586 946 quo
606 873 697 946 pacto
718 869 788 931 sseri
803 870 933 948 poterit,
957 876 993 930 nt

37 962 78 1021 rel
96 961 126 1021 in
149 961 323 1039 disciplina
343 962 559 1024 ecelesiastica
585 969 692 1025 cenete
713 970 917 1042 perseveret,
941 967 992 1026 vel

35 1073 78 1114 eos
97 1057 127 1116 in
150 1057 320 1130 humanis,
345 1073 381 1116 ac
403 1055 501 1118 sacris
522 1057 642 1118 litteris
663 1043 847 1136 progressui
872 1059 990 1128 iaciat,

35 1167 100 1224 quos
119 1151 157 1211 ad
179 1150 291 1228 populi
313 1149 417 1210 fidelis
437 1150 629 1228 exemplum,
643 1154 737 1230 atque
757 1152 992 1214 institutionem

36 1244 242 1305 ministerium
270 1244 430 1306 Ecclesiae
458 1245 621 1323 postulati
647 1245 789 1326 Oollegia
815 1247 992 1308 huiusmodi

36 1341 110 1396 reete
128 1338 295 1410 instituta,
311 1341 417 1398 sancte
434 1343 622 1400 conservate
635 1339 740 1400 studio
753 1341 882 1414 Vestro,
898 1345 991 1422 atque

37 1431 194 1506 aptissimis
227 1432 353 1510 legibus
388 1433 560 1511 diiigenter
587 1434 800 1507 communita,
829 1435 992 1512 multoque

40 1525 125 1602 magis
143 1544 239 1604 qnam
263 1531 359 1589 antea
386 1527 580 1606 amplificata
604 1545 671 1588 eree
700 1529 732 1588 in
755 1528 888 1607 singuiis
909 1529 993 1588 dioe-

46 1618 145 1678 cesibus
163 1620 262 1682 facile
283 1621 381 1682 Nobis
395 1622 635 1699 persuademns3
658 1624 845 1701 praesertim
867 1628 992 1701 postea·

47 1728 122 1786 qnam
139 1714 331 1775 immortalis
352 1716 520 1778 memoriae
540 1717 729 1778 Benedictus
749 1718 835 1778 XIV.
861 1719 992 1794 praede-

43 1823 130 1868 cessor
152 1811 275 1871 Noster
302 1809 334 1869 id
371 1809 497 1886 operis,
526 1815 685 1889 tamqnam
718 1811 841 1871 muneri
876 1812 990 1871 Vestro

42 1901 274 1975 pernecessarii,
298 1901 465 1981 unicuique
487 1907 629 1964 vestrum
651 1905 816 1982 tantopere
837 1921 991 1964 commen-

40 1993 115 2055 davit
137 1996 196 2074 (l).
226 1996 435 2063 Quamobrem
465 1996 559 2059 sicuti
587 1997 779 2075 apostolicae
800 1996 992 2059 laudationis

41 2089 190 2160 praeconio
211 2087 344 2148 eximios
364 2088 511 2163 labores,
533 2107 570 2150 ae
591 2089 790 2168 diligentiam
817 2091 850 2150 in
878 2090 989 2151 iisdem

39 2180 184 2254 colendis,
208 2181 420 2258 augendisque
441 2182 589 2244 fraudare
611 2201 670 2242 non
689 2201 872 2261 possumus;
896 2184 944 2244 ita
964 2185 989 2244 si
1047 2251 1051 2255 ,

38 2270 107 2332 forte
128 2273 160 2332 in
184 2273 293 2348 aliqua
313 2271 448 2332 dioecesi
477 2277 534 2334 eut
557 2273 709 2336 instituta
729 2277 828 2337 adhuc
851 2294 911 2336 non
936 2294 990 2338 es-

37 2371 105 2441 sent,
120 2371 178 2428 ant
196 2366 299 2426 otiosa
312 2364 543 2440 detinerentur,
560 2386 622 2428 non
636 2386 799 2446 possumus
814 2388 875 2430 non
890 2369 991 2431 vehe-

38 2465 149 2521 menter
168 2478 234 2533 eos,
256 2461 295 2520 ad
317 2477 392 2537 quoe
411 2464 546 2537 spectat,
561 2461 737 2539 impellere,
752 2462 878 2540 illisque
892 2463 988 2524 etiam

40 2553 219 2632 praecipere,
244 2556 280 2613 ut
299 2554 331 2614 in
354 2569 421 2612 rem
442 2554 519 2614 adeo
541 2555 653 2616 utilem
674 2556 759 2616 omni
781 2555 903 2616 virtute
925 2556 991 2616 eni-

43 2648 146 2707 untur.

86 2741 128 2800 Ob
149 2741 279 2800 eandem
300 2757 426 2801 cansam
454 2740 605 2817 suspicari
633 2759 692 2801 non
718 2740 817 2814 licet,
840 2739 913 2818 quin
936 2739 987 2812 id,

39 2837 104 2908 quod
124 2835 261 2896 maxime
281 2834 422 2896 fidelium
452 2835 570 2898 animos
595 2853 811 2910 commovere,
841 2838 934 2915 atque
956 2833 988 2892 in

40 2942 186 2988 sacrarum
207 2944 315 2988 rerum
337 2927 573 2987 venerationem
595 2928 676 2988 solet
700 2928 876 3002 adducere,
900 2927 989 2988 deco-

40 3036 94 3078 rem
113 3021 263 3082 videlicet
284 3021 391 3080 domne
411 3019 481 3093 Dei,
503 3024 536 3082 et
555 3038 684 3095 eornm,
699 3038 779 3098 qnae
800 3021 907 3081 divino
921 3022 989 3084 cul·
1113 3017 1115 3021 ’

41 3112 79 3170 tui
97 3117 168 3174 sunt
188 3114 326 3186 addicta,
351 3115 508 3188 nitorem,
530 3114 779 3192 dignitatemque
802 3116 886 3175 omni
909 3121 988 3178 tem-

41 3222 104 3280 pore
123 3208 261 3286 apprime
281 3208 411 3268 curetis.
435 3208 533 3275 Quam
555 3209 704 3269 absonum
726 3212 830 3283 esset,
852 3211 987 3289 episcopi

43 3298 149 3360 domum
170 3301 367 3362 mundiorem
389 3319 470 3376 esse,
484 3303 518 3364 et
531 3301 707 3380 elegantius
723 3305 878 3378 ornatam,
895 3321 985 3381 quam

96 3505 125 3560 (i)
141 3506 217 3565 liniet.
229 3506 337 3566 lincyel.
349 3519 408 3555 eun.
421 3508 502 3555 1741.1
