2456 4192
26 250 278 329 supellectilem3
300 251 445 329 aliaeque
466 254 589 314 demum
611 253 705 314 huius
726 255 915 332 generisvel
936 259 1001 322 iam

24 349 154 424 captae,
169 344 226 405 vel
247 345 391 422 proxime
413 345 582 422 capiendae
603 345 857 410 deliberationes.

78 442 169 502 Haec
189 440 257 501 Nos
271 437 509 517 intelligentes,
524 456 727 517 possumusne
743 443 792 502 tot
806 443 890 505 mala
909 446 1002 506 taciti

24 533 218 612 praeterire,
242 551 299 592 nec
326 531 540 612 Apostolicam
566 532 723 594 extollere
752 549 860 596 vocem
888 541 1002 599 contre

26 628 147 688 nefaria
168 631 326 701 Decreta,
348 627 460 704 quibus
481 626 609 703 Religio
630 627 669 687 ad
691 627 863 704 perniciem
877 631 1003 692 deduci·

31 727 95 796 tur,
118 723 242 800 quibus
263 723 397 783 Sanctae
417 721 511 781 hnins
533 720 625 782 Sedis
638 739 708 782 cnm
723 720 783 782 illo
796 723 906 801 Regno
920 743 1004 786 com·

33 816 274 877 manicationem
296 832 392 892 prope
414 813 563 892 intercipi
581 819 677 892 atque
691 813 831 876 abscindi
850 819 1002 896 perspici-

30 911 111 971 mnsl
133 911 206 970 Ahl
228 911 382 971 Nostrum
403 909 501 971 Nobis
522 910 751 986 improperasse
771 909 933 972 silentium
952 914 1002 974 ri·

28 1009 117 1067 detur
147 1002 250 1066 Isaiae
279 1004 457 1082 Propheta,
471 1021 542 1064 cum
571 1002 702 1064 dixerit:
730 1003 793 1064 Vua
813 1005 899 1065 miti
919 1010 1002 1084 qaia

28 1101 114 1160 tacui
134 1097 195 1178 (1).
227 1097 288 1157 Sed
316 1097 486 1174 quomodo,
509 1093 661 1172 quibusve
687 1095 897 1172 loquenduml
916 1099 1000 1160 Nam

28 1191 190 1271 Episcopis
225 1189 311 1249 omni
336 1189 528 1250 auctoritate
557 1187 713 1264 privatis,
735 1206 771 1248 ac
797 1191 999 1267 perterritis,

28 1305 157 1364 quornm
179 1283 278 1346 multi
300 1299 373 1342 suas
394 1281 489 1342 Sedes
510 1281 655 1342 deserere
676 1282 778 1342 coacti
802 1284 897 1344 snntl
917 1287 1001 1347 Num

29 1380 129 1453 Olero',
144 1378 202 1457 qni
223 1375 385 1453 dispersus
405 1379 467 1449 est,
482 1377 516 1434 et
536 1374 692 1449 abiectus,
708 1393 765 1434 nec
779 1377 914 1454 amplius
929 1395 1002 1440 suos

31 1493 121 1552 agere
141 1477 319 1534 conventus
340 1470 448 1533 valeti
462 1471 545 1532 Num
567 1469 634 1547 ipse
655 1471 889 1548 compellandus
910 1473 1004 1538 (thri-

37 1567 240 1628 stianissimus
262 1568 346 1638 Rex,
368 1564 418 1624 cui
439 1562 541 1641 Regia
561 1564 738 1625 aucteritas
759 1567 891 1643 ereptei
911 1569 1001 1645 Ipse,

42 1660 92 1736 qni
110 1659 247 1722 comitiis
267 1657 426 1730 subditur,
447 1661 481 1716 et
502 1674 558 1717 sno
586 1655 708 1717 sancire
736 1658 860 1719 nomine
887 1663 1002 1721 cuncta

38 1754 94 1814 illa
112 1755 234 1814 decreta
262 1751 486 1828 compellitnri
499 1749 596 1814 Natio
617 1751 685 1810 fere
706 1751 808 1812 omnis
830 1752 932 1829 specie
947 1772 1003 1815 va·

34 1866 88 1909 nae
97 1847 259 1908 libertatis
270 1847 384 1905 misere
397 1846 526 1905 seducta
539 1848 645 1923 paret,
660 1849 694 1906 et
705 1846 905 1923 mancipatur
919 1847 1003 1908 Ocn-

33 1941 101 2002 cilio
129 1941 392 2019 Philosophorum
414 1958 446 2000 se
473 1940 609 2001 invicem
635 1941 864 2013 mordentium,
888 1958 924 2002 ac
947 1941 1003 2002 ob-

33 2036 259 2109 trectantium,
289 2053 350 2096 non
380 2051 570 2113 agnoscens,
599 2036 680 2113 quod
719 2052 891 2113 regnorum
917 2035 1002 2097 salus

34 2131 226 2207 potissimum
255 2128 414 2190 innitetur
441 2127 561 2214 Christi
589 2127 750 2189 doctrinae
771 2129 829 2207 (2),
859 2131 1001 2207 qnodque

31 2243 135 2285 eornm
157 2223 370 2284 constituitur
389 2221 543 2296 felicitas,
567 2223 624 2282 abi
643 2225 789 2284 omnium
804 2226 904 2300 pleno
926 2241 1001 2286 cou-

30 2335 122 2379 cansa
140 2318 285 2394 Regibus
304 2317 461 2388 obeditur,
485 2317 522 2376 nt
542 2314 677 2376 totidem
698 2317 806 2377 verbis
827 2318 920 2378 docet
935 2319 1001 2378 Au-

31 2412 174 2488 gustinus
189 2407 246 2488 (3).
262 2408 403 2470 Ministri
424 2408 509 2470 enim
530 2409 587 2471 Dei
601 2411 677 2470 sunt
689 2411 793 2488 Reges
816 2410 849 2470 in
871 2411 1000 2484 bonnm,

32 2504 187 2566 Ecclesiae
208 2503 269 2562 filii
290 2506 365 2564 sunt
385 2521 421 2564 ac
441 2502 582 2579 patroni,
598 2518 730 2580 quornm
746 2505 796 2562 est
817 2504 947 2563 eandem
963 2505 1002 2563 ut

34 2601 192 2673 parentem
213 2594 360 2674 diligere,
374 2595 503 2673 eiusque
524 2613 650 2658 causam
671 2611 708 2654 ac
728 2591 813 2656 inra'
825 2595 1000 2655 custodire.

89 2693 241 2754 Videmus
262 2690 402 2769 profecto
423 2710 516 2770 quam
531 2708 629 2770 grave
643 2690 742 2753 Nobis
760 2690 943 2768 impositum
958 2689 1002 2750 sit

35 2785 189 2863 loquendi,
212 2786 371 2861 monendi,
394 2786 602 2863 hortandique
622 2802 746 2846 munus.
771 2786 833 2846 Sed
856 2781 1001 2844 novimus

35 2880 134 2954 etiam,
151 2899 215 2940 non
243 2879 345 2940 solnm
370 2879 495 2940 inanem
525 2881 666 2942 futuram
695 2895 802 2939 vocem
829 2877 1000 2952 Nostram,

36 2992 91 3050 qua
109 2979 275 3036 uteremur
288 2973 326 3035 ad
341 2973 503 3038 efferatam
524 2973 638 3052 Populi
653 2974 685 3033 in
701 2991 823 3034 omnem
839 2969 1002 3032 licentiam

95 3157 128 3210 (1)
145 3155 207 3214 (lap.
220 3153 267 3202 VI.
279 3165 346 3202 vers.
360 3155 384 3201 b.

95 3233 129 3287 (a)
140 3227 168 3277 S.
181 3227 302 3289 Aayust.
316 3227 349 3278 ad
361 3225 518 3278 Marcellia.
526 3227 608 3289 llplst.
621 3227 676 3276 188.
688 3227 844 3288 n.1b.0per.
856 3239 923 3276 omn.
933 3225 1001 3275 aaut.

39 3295 154 3351 Huncin.
172 3305 245 3352 Pom.
258 3303 293 3348 11.
307 3303 356 3351 col.
368 3304 424 3352 416.

68 3375 256 3499 llglomtru
281 3373 413 3426 Faustam
436 3375 1001 3438 mb.xxs.cap.1s‚0per.ron.vm.
1049 3419 1051 3424 .

41 3462 88 3498 oo.
120 3455 157 3502 bd.

46 3567 49 3572 '
147 3555 207 3606 Vol.
224 3555 252 3608 1.
894 3557 910 3604 l
