2456 4192
51 331 136 389 piorem
154 331 325 405 Alsutiam,
344 331 415 392 Tibi
437 330 481 390 sit
502 331 647 406 adempte
667 329 858 402 iurisdictio;
878 346 977 405 neque

50 429 182 500 propterea
201 427 274 486 tunc
297 443 400 486 novus
419 425 474 485 iiie
501 421 673 502 Episcopus
696 443 733 484 eu
754 442 832 501 quse
858 422 979 501 episco-

48 519 105 594 palis
121 522 278 596 potestatis
300 526 392 594 sunt,
408 521 497 580 licite
511 537 549 580 ec
563 507 671 580 valide
681 535 829 580 exercere
843 517 977 596 poterit,

47 629 95 669 cum
111 614 138 671 iu
161 613 248 673 novis
274 614 502 674 constituendis
527 612 650 673 sedibus
671 629 837 674 consensus
861 613 978 675 Noster

49 704 140 764 oncino
157 707 350 783 requiratur.
368 709 402 766 Iu
425 710 549 768 tuntum
571 705 671 779 absit,
690 710 726 765 ut
753 706 817 767 Nos
846 707 977 765 eundem

49 798 280 871 praestiterimus,
303 801 556 878 quemadmodum
590 799 757 860 nonnullos
785 799 857 860 istic
878 799 977 859 uude·

49 893 92 948 nter
106 909 280 954 asseverare
302 895 423 966 scribis,
440 899 476 954 ut
497 894 592 956 etiem
613 895 646 953 in
665 895 837 971 posterum,
853 893 885 951 iu
903 891 976 964 teli,

47 985 117 1058 petiis
142 1005 219 1047 nunc
248 993 318 1063 est,
341 1007 448 1050 rerum
477 993 581 1058 statu,
605 986 792 1066 praestituri
807 1004 975 1064 numquam

46 1076 124 1137 simus.
138 1082 181 1140 Ex
202 1083 253 1142 his
280 1084 376 1144 hebes
401 1083 483 1156 iem,
507 1083 545 1142 V.
562 1083 614 1152 ΒΧ,
638 1085 821 1142 accuratum
848 1081 887 1140 sd
909 1081 978 1140 Tne

44 1170 170 1242 postulate
189 1192 390 1252 responsum,
406 1192 446 1236 ex
466 1193 527 1252 que
547 1174 620 1234 Tibi
641 1191 768 1251 prorsus
790 1175 978 1252 pemnndeus

44 1263 168 1337 cupimus,
182 1267 306 1329 uiieuos
327 1270 393 1330 Nos
413 1285 481 1329 esse
495 1268 714 1330 edioecesium
735 1267 904 1338 limitibus,
920 1282 978 1326 en-

45 1352 166 1432 tiquisque
178 1360 394 1421 Ecclesiamm
409 1360 530 1421 iuribus
545 1359 775 1421 commovendis
789 1356 977 1437 perturban-

45 1445 123 1523 disque
140 1450 204 1512 siue
226 1455 420 1533 gravissime
440 1473 552 1528 ceusu,
567 1472 706 1531 quaeque
726 1453 781 1515 vel
801 1453 884 1530 ipsos
904 1451 978 1529 Epi·

50 1554 125 1616 topos
135 1547 168 1606 ed
182 1548 442 1608 consentiendum
455 1547 605 1607 inducere
615 1548 738 1608 debent.
752 1545 882 1607 Interim
896 1561 977 1604 nunc

53 1631 75 1688 in
89 1635 128 1695 hec
143 1657 236 1700 unum
262 1639 491 1700 consentiemus
512 1657 634 1712 omues,
658 1643 695 1700 ut
715 1657 772 1717 per
792 1655 852 1698 uun
875 1638 979 1698 iuter·

52 1725 127 1790 misses
142 1733 373 1795 obsecrationes
393 1735 566 1812 propitium
588 1737 755 1794 reddamus
779 1732 978 1808 omnipoten-
1101 1733 1104 1740 “

49 1823 91 1880 ten
107 1827 209 1903 Deum,
233 1831 290 1906 qui
311 1829 469 1890 Ecclesiae
491 1845 564 1889 suae
585 1834 637 1890 tot
656 1828 817 1905 tantisque
838 1827 975 1887 isctetee

48 1914 126 1978 horum
144 1925 320 2002 temporum
347 1922 512 2001 procellis,
535 1941 592 2001 per
616 1941 703 1984 suem
729 1921 974 1982 misericordiam

47 2014 171 2089 consulat,
193 2020 322 2095 Nosque
342 2019 382 2077 ed
405 2018 618 2094 gubernacula
637 2019 781 2076 sedentes
802 2032 857 2076 suo
878 2015 978 2076 consi·

49 2097 73 2157 iii
86 2109 110 2164 et
125 2108 321 2172 fortitudinis
342 2109 466 2186 Spiritu
488 2109 610 2170 muniet
633 2115 667 2168 et
688 2107 863 2169 confirmet:
888 2107 978 2168 'iibi-

47 2210 99 2295 ifle,
118 2202 152 2262 V.
173 2205 226 2278 ii„
250 2204 462 2281 Apostoiieam
491 2202 743 2264 Beneniiotieuem
773 2205 976 2280 peramanter

46 2295 223 2365 operemur.
481 2296 483 2300 ’

86 2385 185 2450 Datum
206 2395 327 2453 Romae
348 2392 428 2467 apud
451 2391 483 2450 S.
501 2390 631 2449 Petrum
654 2390 710 2450 sub
731 2391 858 2451 Annulo
873 2389 977 2450 Pisce·

46 2474 114 2546 iiiii,
128 2481 174 2541 die
186 2485 246 2544 XI.
263 2481 442 2543 Decembris
455 2482 628 2544 MDOOXO.
646 2483 852 2544 Pontificetns
865 2480 977 2543 Nostri

51 2565 111 2627 iuno
129 2575 213 2637 XVI.
277 2623 278 2628 ,

587 2701 781 2764 Benedictus
802 2701 896 2778 Stuy.

444 2891 547 2946 xlv.

60 2985 287 3056 ABBATISSAE
309 2991 564 3054 MONASTERII
585 2992 722 3051 OPPIDI
736 2991 956 3050 AEMILIANI

267 3156 567 3217 Reuereudissime
585 3155 711 3215 Meter.

86 3315 188 3381 Infelix
210 3338 317 3381 rerum
338 3323 452 3393 status,
468 3323 501 3380 in
516 3337 575 3397 quo
590 3319 768 3380 (iuliicrum
782 3319 905 3393 Oleros,
919 3321 978 3380 Or-

47 3399 161 3486 dissetque
175 3412 329 3490 Religiosi
350 3416 533 3487 versentur,
549 3429 700 3489 quemque
722 3411 805 3472 vivis
818 3412 978 3476 coloribus

49 3491 168 3572 depictum
184 3509 271 3566 'Puae
293 3505 446 3566 exhibent
466 3507 611 3566 Litterae
633 3508 674 3600 ad.
693 3505 853 3566 Summum
870 3505 980 3567 Ponti·
