2456 4192
211 344 348 422 politicis
369 344 504 422 negotiis
532 344 643 404 subiici
664 363 699 404 ac
727 344 882 405 inservire
909 345 1049 405 deberet.
1064 345 1188 406 Conse·

210 439 276 499 cuti
297 439 454 515 extemplo
469 442 543 498 sunt
557 433 690 499 uiolenti
710 438 796 499 inter
809 439 907 512 cives,
929 438 1089 511 seditiosi,
1106 455 1188 497 cru-

210 532 336 609 entique
358 537 472 605 motus,
487 551 563 610 quos
583 550 653 592 cum
678 535 827 611 progredi
853 534 954 612 magis
975 534 1008 593 in
1030 533 1098 592 dies
1123 550 1188 592 au·

210 627 366 699 diremns,
389 626 533 686 conversi
553 627 663 688 statim
688 644 794 686 sumus
815 628 853 687 ad
874 626 1104 704 implorandam
1134 625 1188 685 di·

210 721 316 782 vinam
344 737 414 798 pro·
432 720 490 781 ille
520 719 648 782 natione
676 720 946 794 misericordiam,
977 721 1186 799 publicasque

210 832 318 892 preces
339 815 522 888 indiximus,
538 833 616 892 quae
630 814 727 875 etiam
744 823 824 875 nuno
838 815 978 892 quotidie
992 816 1185 893 persolvun-

212 914 277 968 tur.
301 909 359 969 Sed
383 908 494 969 irrites
514 911 593 986 apud
616 908 782 968 Dominum
797 909 1032 987 deprecationes
1045 909 1103 968 has
1116 911 1185 970 No·

212 1008 294 1064 strar
322 1003 422 1063 adhuc
450 1020 535 1072 esse,
563 1019 623 1061 uon
652 1002 719 1060 sine
747 1001 881 1078 plurimo
912 1001 1007 1062 animi
1033 1019 1182 1062 moerore

211 1097 433 1173 conspicimus,
457 1097 636 1172 malumque
656 1095 735 1156 illud
758 1097 835 1156 adeo
856 1095 986 1174 augeri,
1009 1100 1103 1172 atque
1125 1114 1184 1155 ex·

211 1208 353 1250 crescere
374 1191 534 1262 dolemus,
550 1194 604 1259 ut,
627 1208 688 1267 quo
717 1190 853 1250 ulterius
881 1189 1027 1267 progredi
1056 1189 1182 1266 possit,

213 1303 273 1342 nou
297 1284 467 1344 videamus.

273 1383 336 1441 Per
357 1383 502 1455 decreta,
519 1398 631 1458 quaen
652 1380 852 1457 generalibus
880 1380 1015 1464 nationis
1041 1380 1183 1441 comitiis

212 1475 412 1553 prodierunt,
435 1475 503 1551 ipsa
529 1473 712 1550 impetitur,
734 1473 1001 1550 perturbaturque
1030 1474 1181 1550 Religio,

212 1567 304 1627 huius
331 1567 532 1644 apostolicae
565 1565 653 1626 Sedis
686 1575 879 1642 usurpantur
907 1564 997 1638 iura3
1027 1567 1183 1628 solemnia

212 1665 323 1737 pacta,
345 1664 379 1720 et
403 1665 557 1720 conventa
578 1659 750 1719 violantur.
774 1661 817 1719 Et
836 1659 1092 1735 quemadmodum
1121 1661 1183 1718 hu·

211 1754 345 1815 iusmodi
367 1753 450 1816 mala
469 1771 509 1813 ex
531 1752 620 1814 falsis
641 1755 830 1812 emanarunt
849 1751 1003 1812 doctrinis
1024 1770 1079 1829 per
1102 1752 1183 1812 infe·

211 1853 279 1908 etos
301 1851 531 1924 venenatosque
551 1846 668 1916 libros,
683 1845 735 1922 qui
759 1844 790 1902 in
821 1862 930 1906 manus
958 1845 1096 1904 omnium
1117 1846 1183 1904 dif-

212 1942 442 2013 fundebantur3
465 1941 592 2016 itaquo
614 1938 647 1996 in
669 1940 830 2013 posterum
852 1938 948 1999 etiam
975 1939 1073 1998 latius
1095 1957 1184 1999 secu-

212 2036 339 2111 riusque
354 2031 500 2110 evulgari
514 2029 712 2108 imprimique
728 2033 854 2105 possent
864 2048 902 2090 ea
916 2031 1094 2108 opinionum
1108 2050 1184 2092 con-

212 2133 318 2210 tagia,
333 2131 420 2191 inter
440 2129 543 2207 prime
555 2128 762 2190 comitiorum
784 2129 910 2190 decreta
930 2128 1007 2189 illud
1031 2129 1182 2204 exstitit,

212 2245 272 2303 quo
295 2226 425 2285 libertas
453 2223 607 2283 asseritur
634 2220 794 2297 cogitandi
816 2221 912 2282 etiam
934 2226 971 2282 de
992 2223 1181 2300 Religione,

212 2326 307 2398 prout
330 2320 440 2395 cuique
466 2317 585 2388 libeat,
612 2331 727 2390 sueque
758 2314 901 2391 cogitata
923 2315 1050 2394 impune
1074 2318 1185 2393 profe-

212 2413 313 2483 rendi,
336 2429 392 2471 neo
413 2426 565 2488 quemque
593 2407 664 2467 aliis
684 2404 842 2483 obstringi
861 2407 983 2484 legibus
1005 2407 1183 2482 statuitur,

211 2523 302 2585 quam
323 2505 435 2584 quibus
456 2504 522 2581 ipse
543 2500 730 2560 consentiat.
755 2499 788 2557 ln
811 2498 1072 2561 consultationem
1090 2519 1186 2579 prae-

212 2606 301 2661 terea
321 2600 390 2677 ipsa
409 2602 459 2658 est
479 2599 611 2656 deducta
633 2591 771 2669 Religio,
787 2609 860 2651 num
876 2593 999 2654 scilicet
1017 2595 1185 2656 catholica

213 2693 255 2754 sit
273 2709 330 2770 per
352 2691 505 2752 Gallicam
529 2687 708 2756 Ditionem,
724 2684 772 2744 uti
794 2685 1006 2762 dominatrix,
1023 2705 1118 2748 necne
1132 2705 1186 2748 re-

212 2787 352 2848 tinenda·
378 2784 507 2846 Habiles
533 2782 611 2842 faeti
638 2787 713 2844 sunt
741 2781 919 2844 Aeatholici
939 2784 979 2853 ad
1002 2783 1107 2842 omnia
1128 2801 1185 2860 ge·

211 2883 309 2941 renda
323 2877 541 2955 municipalia,
556 2877 677 2946 civilia,
693 2876 851 2938 militaria
863 2893 1006 2949 munera,
1022 2879 1182 2937 statutum

212 2976 300 3045 item,
317 2991 355 3032 ne
375 2971 511 3048 amplius
532 2971 687 3031 habeatur
713 2969 1073 3033 ratio·Mouasticorum
1099 2970 1185 3030 sole-

212 3068 331 3128 mnium
359 3069 524 3140 votorum,
555 3069 650 3142 utque
681 3066 786 3126 omnia
818 3065 857 3126 ad
887 3065 1053 3140 utriusque
1088 3081 1186 3124 sexus

212 3179 374 3240 egressum
393 3160 566 3234 Ooenobia,
582 3159 823 3238 Religiosaeque
844 3161 960 3220 Domus
983 3155 1185 3233 aperiantur3

212 3259 437 3332 praetereaque
465 3254 681 3328 declaratum,
710 3255 824 3314 cuncta
851 3251 1074 3314 Ecclesiastioa
1101 3251 1187 3311 bona

213 3350 250 3408 ad
271 3347 417 3410 Nationis
437 3345 487 3406 ius
507 3345 688 3423 pertinere;
704 3344 902 3421 abolitaeque
922 3341 1084 3415 Decimae,
1103 3359 1185 3419 quae

213 3458 356 3518 magnam
385 3439 553 3500 eorundem
590 3438 742 3499 bonorum
775 3442 897 3515 partem
925 3435 1182 3508 constituebant;

212 3534 346 3594 iniectae
366 3551 476 3593 manus
497 3532 535 3593 ad
557 3531 707 3593 altarium
727 3551 763 3593 ao
784 3531 973 3608 templorum
996 3533 1183 3608 argenteam
