2386 4194
281 334 340 394 Sed
367 335 503 395 ulterius
524 337 624 396 adhuc
646 339 694 395 est
716 332 992 412 progrediendum.
1012 336 1090 396 Cum
1108 336 1178 396 Gon-

220 432 334 487 rentus
354 427 416 487 iste
438 429 476 489 ad
498 430 699 490 statuendam
715 427 963 489 Seminaricrum
978 431 1178 507 regendorum

219 519 322 598 legem
347 520 525 596 devenerit,
548 521 721 600 Episcopis,
745 524 781 582 ut
802 521 1019 600 eligendorum
1047 521 1179 581 Vicario-

221 631 291 673 rum
305 631 346 673 ex
360 614 509 674 universo
523 615 615 676 Glero
631 617 820 693 potestatam
842 615 928 689 iecit,
945 634 1005 675 non
1020 616 1069 675 ita
1091 615 1188 675 etiam,

222 708 357 772 arbitrio
377 705 510 786 reliquit
530 710 750 788 Superiorem,
766 727 820 769 seu
843 713 1013 771 Rectcrnm
1035 709 1067 768 in
1089 710 1180 769 Semi-

221 801 320 861 nariis
336 801 534 876 electionem3
550 804 624 864 vult
639 805 724 864 enim
747 809 782 864 nt
803 805 879 864 hacc
899 804 938 866 ab
959 802 1027 880 ipso
1043 820 1104 862 nna
1117 819 1188 862 cnm¹

221 891 371 968 vicariis,
396 911 435 954 ex
457 895 569 968 maiori
591 896 814 974 suffragiorum
837 913 978 969 numero,
1001 900 1177 972 peragatur,

221 989 428 1067 prohibetque
450 991 524 1050 iilos
539 992 578 1050 ab
593 991 739 1068 imposito
763 1009 902 1063 munere,
921 989 979 1049 nisi
995 1008 1034 1049 ex
1049 987 1188 1080 plurium}

221 1077 445 1158 Vicariorum,
471 1087 507 1143 nt
527 1083 689 1158 diximus,
715 1100 889 1156 consensu,
917 1083 1089 1144 removeri.
1113 1083 1188 1168 Quisf

221 1177 353 1237 hicnon
376 1178 476 1250 videt,
499 1181 652 1255 quantum
674 1177 836 1255 Episcopis
862 1177 1033 1252 diffidatur,
1055 1181 1188 1256 qnorum}

221 1274 271 1330 cst
291 1287 399 1330 curam
420 1272 536 1330 habere
558 1273 769 1333 institutionis
789 1275 823 1332 et
843 1272 1027 1348 disciplinae
1042 1270 1188 1350 iliorum}

221 1365 275 1441 qui
301 1365 333 1422 in
359 1365 531 1426 Ecclesiam
556 1366 720 1444 adlegendi
749 1369 844 1439 sunt,
875 1365 1001 1442 eiusque
1030 1353 1188 1442 obsequiis

220 1458 403 1520 addicendi?
425 1463 466 1520 Et
488 1463 593 1522 tamen
615 1461 693 1522 nihii
708 1464 831 1521 certum
846 1461 945 1540 magis
960 1460 1170 1521 indubitatum·
1187 1485 1188 1488 ¹

220 1574 301 1634 quc,
325 1570 417 1630 qnam
438 1556 517 1630 quod
540 1557 634 1630 caput
654 1557 689 1614 et
709 1571 847 1614 summus
875 1553 1063 1615 administer
1090 1553 1174 1615 Semi·

220 1649 382 1710 nariorum
398 1645 441 1708 sit
454 1647 634 1725 Episcopus:
651 1649 685 1708 et
698 1663 884 1725 quamquam
899 1646 1090 1708 Tridentina
1104 1650 1174 1726 Syn·

211 1747 297 1824 ‚edus
320 1741 364 1822 (l)
388 1743 527 1815 mandet,
544 1745 581 1802 nt
602 1742 662 1802 dno
685 1741 835 1803 Oancnici
857 1759 950 1819 super
970 1743 1175 1804 ecclesiastica

221 1841 419 1901 alumnorum
441 1835 607 1913 disciplina
629 1837 852 1910 instituantur,
868 1854 975 1897 corum
996 1839 1103 1898 tamen
1123 1838 1188 1908 clep

220 1933 283 1992 ctio
298 1929 492 2007 relinquitur
508 1930 680 2007 Episcopis,
692 1939 790 2005 preat
803 1929 948 2006 Spiritus
960 1939 1099 1991 reactus·
1109 1947 1173 2007 saq-
1187 1911 1188 1980 i

219 2027 373 2102 posuerit,
401 2041 499 2100 neque
522 2024 688 2084 inhaerere
709 2042 819 2084 eornm
840 2023 987 2098 iudiciis,
1015 2041 1113 2102 neque
1136 2013 1188 2084 as'

220 2117 330 2178 sentiri
360 2114 499 2176 consiliis
526 2117 782 2194 adstringuntur.
813 2121 903 2179 Nunc
935 2135 1010 2177 vero
1036 2122 1188 2195 quantun

220 2215 370 2287 poterunt
383 2209 531 2287 Episcopi
546 2211 690 2272 fiduciam
708 2228 822 2286 ponere
843 2211 874 2268 in
897 2229 1005 2270 eorum
1027 2227 1115 2285 cura,
1130 2211 1188 2287 quii

220 2304 314 2366 eiecti
337 2306 375 2365 ab
396 2305 468 2364 aliis
489 2305 619 2378 fuerint,
643 2307 748 2366 iurata
769 2307 901 2367 fortasse
923 2305 1087 2366 obstrictis
1112 2287 1188 2377 fides

219 2401 257 2460 ad
281 2399 399 2459 infecta
420 2399 478 2460 illa
499 2403 653 2460 servanda
673 2402 854 2462 Conventus
875 2401 1023 2461 Decreta?

281 2496 418 2553 ‘Pandam
434 2495 471 2556 ad
487 2494 652 2570 Episcopos
674 2496 706 2553 in
729 2501 890 2554 extremae
912 2495 1100 2555 abiectioris
1120 2499 1188 2570 sta-1

219 2592 287 2645 tum
314 2587 549 2663 deprimendos,
572 2604 608 2647 ac
630 2585 661 2644 in
683 2588 821 2647 omnium
843 2590 1059 2664 contemptum
1088 2581 1188 2654 addc-i

220 2681 354 2750 cendcs,
384 2679 588 2752 decernitur,
617 2682 652 2739 nt
677 2679 780 2740 tribus
809 2680 979 2758 quibusque
1007 2675 1188 2750 mensibus,i

219 2774 378 2850 tamqnam
405 2772 632 2834 mercenariam
656 2777 855 2850 praestantes
884 2791 1031 2851 operam,
1062 2761 1188 2856 tantam}

219 2867 376 2943 recipiant
398 2867 523 2943 stipem,
541 2870 660 2942 quanta
674 2885 734 2926 non
749 2874 875 2944 possent
889 2869 1024 2945 amplius
1045 2867 1188 2945 indigen-t

219 2963 319 3036 tium,
342 2961 395 3038 qni
417 2978 561 3038 magnam
585 2962 691 3039 populi
714 2965 837 3039 partem
859 2963 1073 3036 constituunt,
1095 2969 1188 3052 cern}

217 3071 308 3114 mnas
338 3055 527 3129 sublevare,
556 3055 716 3133 multoque
741 3056 837 3116 etiam
862 3056 965 3116 minus
987 3075 1077 3116 suum
1099 3054 1170 3115 tueri

219 3148 405 3225 episcopalis
432 3147 626 3208 characteris
652 3150 793 3227 gradum.
816 3151 901 3210 Haec
922 3167 1003 3210 nova
1027 3163 1169 3227 congruae

218 3241 403 3318 episcopalis
428 3242 591 3302 institutio
618 3243 657 3303 ab
682 3243 740 3303 illa
770 3261 896 3320 prorsus
923 3244 1076 3318 dissidet,
1103 3260 1169 3319 quac

218 3334 376 3395 attributa
397 3335 557 3413 EpiscopIs
579 3354 615 3396 ac
637 3337 787 3396 Parcchis
813 3329 968 3396 fueritin
996 3339 1097 3398 fundis
1116 3341 1188 3404 stc,

216 3427 343 3502 bilibus,
357 3447 435 3506 qnae
450 3430 509 3506 ipsi
525 3431 796 3505 administrarent,
810 3431 1005 3509 fructusque,
1023 3436 1166 3508 tamqnam

282 3546 315 3600 (1)
334 3545 401 3592 Sese.
413 3543 451 3603 23,
465 3545 495 3594 dc
506 3547 637 3594 reformat.
649 3559 704 3606 cap.
714 3549 807 3594 XVIII.
1187 3547 1188 3614 t

1187 3643 1188 3688 t
