2492 4202
455 214 632 274 -315-

482 394 617 452 uvi.

331 511 489 564 'orsaorsa
510 519 601 564 smus
621 519 752 564 ussurus

109 685 147 745 S.
184 685 389 749 ROMANAE
425 687 645 750 Ecchdsllc
676 655 978 750 CARDINALIBUS

139 781 317 842 Ervum.
329 781 661 844 ARCHIEPISGOPIS
676 782 729 842 ΕΤ
744 781 950 842 EPISOOPIS

126 958 273 1019 Dilectis
293 953 392 1018 Filiis
413 958 614 1018 Dioecesibus
634 958 968 1018 Administrctoribus

385 1057 494 1133 Reyni
523 1054 719 1116 Galliarum.
918 1054 921 1063 '

57 1251 198 1312 Dilecti
218 1252 307 1311 Filii
326 1253 458 1322 Nostri,
472 1253 560 1310 Van.
575 1253 725 1321 Fratres,
740 1266 781 1314 ao
794 1251 923 1310 Dileoti
935 1249 1032 1319 Filii,

158 1347 314 1404 salutem
336 1347 371 1402 et
391 1345 627 1414 apostoticam
647 1345 940 1404 Benedictionem.

122 1541 359 1605 UbiLutetiam
371 1540 567 1600 Parisiorum
582 1539 728 1616 pervenit
738 1539 944 1616 apostolicum
960 1559 1035 1617 qua·

63 1637 205 1695 rundam
227 1633 549 1694 extraordinariarum
569 1633 755 1693 facultatum
770 1633 939 1707 indultum,
955 1652 1031 1711 quas

60 1731 128 1791 Nos
151 1730 204 1789 die
228 1730 266 1790 19
280 1727 450 1804 superioris
462 1728 578 1788 Martii
593 1726 799 1786 concessimus
820 1727 960 1787 omnibus
978 1745 1031 1788 ar·

62 1823 285 1900 chiepiscopis,
303 1821 456 1898 episcopis
470 1823 504 1880 et
518 1820 828 1881 administratoribus
843 1822 1030 1880 dioecesium

62 1918 158 1994 regui
172 1919 174 1924 ’
190 1915 366 1976 Galliarum
384 1959 392 1987 ,
415 1915 579 1974 confestim
609 1915 785 1975 confratres
813 1916 913 1976 vestri
942 1916 974 1975 iu
995 1934 1032 1977 ea

64 2012 144 2070 urbe
167 2013 414 2081 commorantes,
438 2011 491 2085 qui
514 2009 637 2068 nomine
659 2009 757 2069 totius
778 2013 884 2069 coetus
913 2009 1032 2086 episco-

64 2106 148 2181 palis
170 2105 327 2164 indultum
351 2105 451 2180 ipsum
473 2105 734 2182 impetraverant,
751 2105 843 2165 facila
865 2105 1031 2165 intellexe-

64 2202 155 2270 runt,
173 2199 259 2256 inter
273 2197 441 2258 facultates
455 2198 515 2257 sibi
537 2217 695 2260 concessas
711 2199 854 2258 omissam
876 2197 970 2258 fuisse
985 2199 999 2258 f
1017 2229 1031 2244 ·

64 2293 221 2352 cultatem
244 2291 426 2352 absolvendi
447 2291 682 2352 Ecclesiasticus
709 2293 864 2354 intrusos:
888 2294 922 2351 et
943 2292 1030 2352 arbi·

65 2387 204 2456 tractes,
221 2385 280 2443 hoc
295 2384 395 2460 ipsum
411 2383 535 2443 nonnisi
550 2403 588 2444 ex
601 2386 780 2447 huiusmodi
795 2405 885 2447 casus
901 2387 1032 2446 oblivio-

65 2497 103 2538 ne
118 2477 283 2549 aaoidisse‚
296 2480 360 2540 Nos
372 2479 489 2539 iterum
502 2479 659 2555 supplices
667 2480 817 2541 adierunt
828 2480 923 2540 etiam
937 2485 1030 2556 atque

67 2571 165 2632 etiam
187 2570 404 2646 postulantes,
433 2573 468 2630 ut
489 2571 567 2630 hanc
590 2589 711 2647 quoque
739 2571 923 2632 facultatem
950 2590 1031 2632 nova

66 2663 207 2725 formula
227 2664 569 2741 comprehenderemus.

127 2759 264 2818 Subinde
280 2757 381 2818 vestri
402 2759 478 2817 item
493 2756 671 2818 confratres
686 2758 830 2818 dubitare
843 2776 875 2817 se
890 2759 1031 2818 declara·

67 2854 155 2924 runt,
175 2856 281 2912 utrum
304 2852 438 2912 facultas
466 2851 566 2928 primo
595 2851 731 2910 eiusdem
754 2851 871 2911 indulti
893 2851 1030 2912 articulo

69 2947 309 3023 comprehensa,
337 2947 523 3006 absolvendi
544 2948 582 3005 ab
604 2948 751 3006 omnibus
772 2948 916 3007 censuris
937 2963 1029 3022 quos-

70 3043 326 3118 cuchelcicos,
343 3048 374 3100 ct
387 3039 629 3101 Ecclesiasticus
643 3048 710 3100 tam
725 3041 916 3110 saeculares,
931 3055 1030 3116 quum

69 3137 235 3212 requireres
246 3137 416 3210 utriusque
430 3149 535 3205 secus,
554 3142 651 3211 utque
673 3151 723 3194 eos
741 3135 852 3204 etiam,
868 3134 928 3209 qui
948 3132 1031 3193 scti-

70 3229 167 3286 smuti
179 3226 408 3295 adhaeserunt,
422 3231 453 3282 et
468 3227 688 3285 iuramentum
701 3228 839 3286 civicum
853 3227 1031 3292 emiserunt
1121 3289 1123 3294 ,

71 3324 107 3380 in
118 3335 216 3398 eoque
226 3321 454 3396 perstiterunt,
466 3321 558 3378 ultra
570 3321 799 3398 quadrantem
810 3322 889 3392 dies,
905 3321 943 3378 in
954 3321 1031 3396 cpo-

72 3415 191 3474 stolicis
213 3414 333 3472 litteris
353 3411 422 3472 dici
443 3410 484 3469 13
506 3411 634 3488 Aprilis
661 3417 837 3490 superioris
863 3415 957 3484 anni,
969 3431 1031 3490 pro

74 3505 272 3568 incurrendo
290 3506 497 3582 caprasium
511 3523 532 3564 a
546 3505 682 3581 divinis,
699 3509 903 3587 praefinitos,
920 3505 1031 3568 adiuu-
