2492 4202
437 252 475 266 -
496 221 557 282 317
577 252 615 266 -

55 329 256 391 Ecclesiarurn
270 327 492 405 episcopalium
500 333 533 388 et
542 330 766 406 parochialium
774 329 936 390 invasores
949 327 1006 409 (l),

56 444 86 485 ea
104 427 166 486 Nos
181 424 291 501 fugere
306 423 435 483 minimo
454 427 616 500 poterant,
631 443 709 502 quae
725 430 788 486 tam
804 428 841 486 ad
859 426 1007 503 primum,

55 537 145 595 qnam‘
159 520 198 578 ad
221 519 388 578 secundum
404 519 522 579 crimen
545 520 756 597 pertinebant.
771 521 856 587 Quod
879 520 905 580 si
926 521 1008 580 alte·

56 629 117 671 rum
140 629 178 672 ex
201 611 311 671 illisa
329 610 426 672 Nobis
440 611 503 671 fuit
524 611 555 670 in
579 611 633 672 cit.
651 614 787 672 articulo
808 616 831 673 Ι.
849 613 1007 690 conceptis

56 704 153 764 verbis
173 707 462 777 commemoratum,
477 705 614 765 alterum
637 706 764 766 silentio
786 707 1006 783 praeteritum,

56 801 93 859 nil
114 800 216 877 magis
238 800 425 871 luculenter,
444 799 601 878 magisque
623 801 759 861 dilucide
778 803 866 879 argui
891 806 1006 879 potest.

55 913 138 971 quam
159 912 279 966 casum,
296 895 334 953 de
354 912 414 970 quo
436 896 532 954 verba
553 895 700 967 fecimus,
724 913 780 972 per
800 897 863 956 Nos
884 913 1009 955 conces·

56 1007 113 1047 sum
136 988 247 1061 fuisse3
263 1005 366 1047 casum
381 1005 469 1060 vero,
486 991 523 1049 de
537 1008 598 1066 quo
612 989 697 1049 iacta
713 989 801 1049 nulla
814 991 931 1049 mentio
946 994 1006 1057 est,

55 1081 144 1142 luisse
164 1081 263 1143 Nobis
285 1081 374 1140 unice
394 1085 605 1142 reservatum.

107 1177 171 1237 Gur
193 1181 296 1237 autem
320 1177 447 1236 minime
468 1179 708 1236 concederemus
729 1176 814 1249 aliis,
837 1180 887 1237 sed
910 1177 1008 1239 Nobis

55 1269 215 1331 dumtaxat
226 1287 460 1330 reservaremus
475 1271 554 1330 banc
565 1270 703 1329 intrusos
716 1269 899 1330 absolvendi
911 1267 1010 1328 facul-

53 1365 166 1433 tatem,
186 1363 219 1422 in
248 1383 342 1425 causa
363 1365 503 1440 profecto
525 1362 587 1422 fuit
616 1362 784 1421 maximum
808 1363 906 1436 illud,
929 1362 1008 1439 quod

54 1475 140 1517 unum
154 1458 252 1529 inter,
269 1459 466 1535 alterumque
477 1456 633 1534 flagitium
649 1455 1007 1526 interceditdiscrimen‚

54 1552 126 1626 quod
144 1570 257 1612 sauea
279 1551 396 1611 restris
424 1551 500 1628 ipsis
521 1551 737 1611 confratribus
756 1551 1009 1610 animadversum

54 1650 105 1716 cst,
116 1648 264 1721 quodque
278 1645 309 1703 in
325 1646 461 1704 omnium
483 1645 587 1704 oculos
602 1644 748 1703 incurrit.
765 1643 887 1704 Etenim
904 1661 1010 1720 quam·

53 1739 95 1796 vis
117 1739 211 1816 gravi
226 1738 358 1797 crimine
380 1739 402 1798 ii
426 1743 605 1810 teneantur,
622 1738 674 1816 qui
693 1738 793 1798 civico
814 1744 1009 1797 sacramento

53 1851 112 1892 sese
134 1832 393 1905 obstrinxerunt,
417 1834 448 1891 vi
471 1833 558 1892 cuius
580 1832 744 1910 Religione
764 1832 952 1908 interposita
973 1850 1010 1889 u-

53 1925 237 2002 nusquisque
259 1924 437 2000 promittit,
460 1930 659 1985 servaturum
685 1943 718 1984 se
739 1925 1008 1996 constitutionem,

53 2038 126 2098 quae
148 2019 240 2078 iuxta
261 2018 451 2079 senteutiam
476 2019 576 2079 totius
602 2019 786 2097 episcopalis
808 2023 915 2078 coetus
936 2019 1013 2078 Gal-

52 2114 156 2184 licani,
173 2112 325 2188 iuxtaque
346 2113 513 2172 solemnem
529 2114 776 2174 Declarationem
798 2110 946 2174 Nostram
962 2116 1011 2171 est

52 2208 165 2284 partim
188 2206 361 2278 haeretica,
374 2211 406 2265 et
427 2209 542 2283 partim
558 2208 765 2268 schismatica:
783 2209 883 2267 minito
907 2211 1009 2267 tamen

52 2302 158 2362 maiori
182 2306 216 2361 et
236 2301 376 2378 graviori
403 2301 527 2377 flagitio
549 2306 678 2362 tenetur
699 2303 773 2372 ille,
796 2302 849 2380 qui
877 2304 1010 2379 prudens

52 2415 84 2456 ac
105 2396 206 2465 sciens
228 2395 264 2452 ad
280 2398 515 2472 exsequendum
539 2395 743 2472 progreditur
763 2396 810 2468 id,
827 2399 904 2473 quod
928 2397 1012 2455 iure·

52 2491 180 2550 iurando
207 2487 408 2564 promiseram
431 2486 547 2563 quique
575 2487 641 2547 sive
662 2489 833 2565 sacrilege,
855 2489 922 2548 sive
949 2489 1012 2547 rite

51 2587 260 2653 consecratus,
283 2582 308 2640 si
330 2582 373 2641 sit
393 2581 570 2658 episcopus3
593 2581 659 2639 sive
681 2581 843 2657 sacrilege,
860 2581 928 2640 sive
948 2583 1012 2640 rite

52 2677 225 2746 ordinatus,
246 2674 272 2733 si
288 2674 461 2752 Presbyter
481 2675 541 2745 sit,
557 2674 756 2751 illegitimam
770 2680 880 2734 nactus
893 2674 1013 2733 missio·

52 2787 118 2830 nem
141 2786 176 2829 ac
196 2769 397 2844 potestatem,
415 2767 580 2842 Ecclesiae,
596 2768 647 2827 vel
669 2768 867 2843 episcopales,
885 2767 936 2826 vel
959 2786 1013 2843 pa·

52 2863 204 2923 rochiales
228 2859 369 2931 invadit,
397 2862 513 2937 quique
538 2865 659 2922 demum
689 2865 873 2938 segregatus
895 2862 933 2920 ab
956 2863 1012 2920 bac

52 2955 222 3034 apostolica
242 2953 320 3012 Sede
334 2957 367 3012 et
387 2954 425 3013 ab
445 2954 596 3031 legitimis
616 2954 784 3031 episcopis,
808 2950 857 3013 tot
878 2953 1013 3030 peccatis

51 3055 176 3127 peccata
196 3048 335 3124 quotidie
358 3047 499 3108 inaudita
519 3049 685 3108 celeritate
707 3048 862 3119 cumulat,
878 3053 954 3124 quot
975 3048 1014 3107 il-

51 3143 211 3220 legitimae
232 3139 458 3201 iurisdictionis
479 3148 568 3200 actus
584 3148 723 3215 exercct3
748 3144 819 3201 dum
843 3141 943 3218 magis
957 3158 1011 3199 au·

52 3241 143 3313 gusta
157 3237 361 3295 Sacramenta
375 3232 534 3309 profanat,
551 3237 622 3292 dum
639 3235 768 3312 populos
787 3237 900 3293 misere
916 3233 947 3291 in
963 3249 1013 3292 er-

53 3347 155 3390 rorem
184 3327 324 3400 inducit,
347 3329 419 3386 dum
443 3344 554 3385 novam
577 3326 701 3396 invehit
727 3327 758 3386 in
782 3347 911 3405 regnum
941 3347 1013 3387 cou-

114 3463 149 3514 (1)
169 3453 706 3520 Vid.Epiet.XXV11.§.Vidcntcc,pag.
726 3459 780 3505 154.
801 3459 827 3504 ct
847 3465 872 3522 g.
891 3455 1011 3520 Insuper

52 3551 109 3597 pag.
128 3539 182 3585 155.
199 3539 225 3583 et
240 3548 293 3594 aeq.
