2364 4198
633 201 813 266 ..220-

382 440 449 510 ux
470 339 1061 548 smmifflnsiucnssnn

447 621 574 680 uacua
593 621 647 682 are
669 621 711 680 18
731 621 876 700 Accae·
898 595 1001 684 1791,

299 779 376 840 Cum
391 798 447 857 per
460 780 588 841 litterae
608 781 794 858 apostolicas
819 783 850 842 in
876 783 978 846 forma
1000 785 1124 858 Brevis,
1142 785 1162 846 di

241 875 356 948 quarta
366 873 443 934 Maii
458 875 599 951 proxime
614 876 783 953 praeteriti
796 878 958 955 expeditas
978 899 999 940 a
1014 879 1143 940 sanctissi

240 965 370 1026 Domino
386 969 492 1028 nostro
507 970 574 1029 1³10
589 972 644 1042 VI,
657 970 899 1050 archiepiscopis
910 977 943 1034 et
952 974 1103 1051 episcopis
1113 993 1138 1035 re

243 1058 431 1133 Galliarum,
455 1062 606 1123 nonnulla
626 1064 856 1126 ecclesiasticae
881 1066 1069 1144 disciplinae
1091 1067 1143 1143 capi

240 1170 319 1231 quac
342 1153 373 1212 in
394 1157 485 1214 tanta
504 1155 593 1215 illius
615 1153 705 1234 regni
719 1155 969 1235 'perturbatione
998 1159 1117 1219 servari
1134 1175 1169 1216 uu

119 1303 120 1306 ,
240 1251 380 1325 possunt,
397 1247 522 1308 solvere
543 1253 577 1309 et
597 1251 755 1325 relaxare,
771 1251 863 1312 iuxta
886 1253 1061 1312 earundem
1082 1252 1167 1312 littere-

240 1359 312 1401 rum
333 1343 486 1415 tenorem,
501 1347 655 1418 quatenus
670 1349 783 1422 urgeat
804 1346 985 1417 necessitas,
1004 1350 1040 1406 et
1052 1343 1162 1406 Ecclcu'a

241 1435 366 1495 utilitas
396 1435 429 1495 id
461 1435 620 1513 postulet,
649 1438 834 1513 permissum
855 1437 976 1511 luerit,
1005 1457 1105 1516 nuper
1125 1451 1162 1494 reu

240 1527 335 1588 iidem
350 1528 577 1606 archiepiscopi
597 1533 632 1589 et
652 1529 788 1607 episcopi
804 1533 922 1590 iterum
940 1531 1167 1591 SanctitatiSuu

240 1621 501 1699 supplicaverint,
525 1626 561 1682 ut
581 1622 659 1700 ipsis
683 1621 818 1685 facultas
840 1619 1169 1700 concedaturdelegandi

240 1715 395 1792 simplices
416 1715 619 1793 presbyteros
640 1734 697 1793 pro
718 1718 935 1776 consecrandis
956 1717 1110 1778 altaribus
1126 1731 1151 1791 po

240 1810 398 1883 tatilibus,
413 1812 508 1886 atque
522 1810 591 1869 oleo
605 1829 641 1870 ac
655 1810 824 1871 chrismate
835 1811 999 1871 benedicto
1014 1812 1169 1888 abepiscopo

210 1954 213 1964 .
239 1903 488 1962 communionem
517 1905 607 1964 Sedis
635 1903 825 1980 apostolicae
852 1904 1014 1979 habente,
1043 1901 1168 1968 liniendis,

238 1995 399 2056 Sanctitas
420 1998 503 2069 Sua,
526 2000 563 2056 ad
587 1996 649 2056 mei
669 1996 867 2074 infrascripti
890 1999 1007 2059 Sacrae
1034 2001 1168 2074 congrege

238 2089 335 2150 tionis
350 2089 389 2149 dc
400 2090 620 2167 propapaadc
630 2090 713 2151 Fide
725 2091 884 2151 Praefecti
897 2091 1095 2165 relationem,
1104 2085 1168 2148 omni

238 2183 296 2242 hus
317 2182 563 2259 archiepiscopis
584 2187 617 2244 et
638 2183 789 2262 episcopis
810 2185 902 2262 regni
922 2185 1099 2246 Galliarum
1116 2177 1166 2240 beri

239 2293 298 2352 gne
319 2275 453 2335 indulsit
473 2275 656 2336 facultatem
678 2277 842 2354 delegandi
863 2278 1024 2355 simplices
1046 2273 1162 2354 presbyt

239 2389 291 2431 ros
312 2389 368 2449 pro
390 2373 623 2434 consecratione
645 2375 812 2434 eorundem
835 2375 985 2436 altarium
1007 2369 1160 2452 portatilia

238 2465 308 2525 oleo
329 2469 435 2526 tamen
457 2484 493 2526 ac
514 2466 684 2528 chrismate
707 2467 745 2526 ab
766 2467 908 2545 episcopo
923 2467 1098 2540 benedicto,
1111 2457 1163 2522 inte

238 2561 380 2621 rubricas
395 2560 586 2637 pontificalis
607 2561 740 2622 romani.
757 2564 802 2622 Ac
823 2564 988 2638 practerea
1008 2558 1165 2621 commisere·

238 2657 290 2714 tus
311 2653 557 2715 infelicissima-m
579 2656 658 2714 hanc
680 2657 856 2730 temporum
877 2653 910 2712 in
932 2653 1042 2714 Gallia
1056 2645 1167 2713 conditir

234 2759 308 2808 ‘nem
327 2748 459 2825 benigne
479 2747 576 2808 etiam
596 2746 729 2808 indulsit
757 2748 872 2808 eisdem
893 2739 1127 2825 archiepiscopis
1140 2739 1166 2797 tt

238 2841 471 2921 quoepiscopis
497 2841 703 2912 facultatem,
735 2843 771 2900 ut
798 2839 992 2918 presbyteris
1021 2842 1096 2901 bene
1119 2829 1165 2894 risit

237 2936 364 2997 veniam
385 2937 459 2996 dare
479 2935 601 3013 possint
614 2935 792 2996 celebrandi
808 2935 937 2996 Missam
958 2935 990 2994 iu
1013 2939 1164 3012 quacumqu

237 3029 305 3089 loco
326 3029 462 3103 decenti,
486 3029 583 3089 etiam
605 3030 660 3089 sub
682 3029 744 3102 dio,
766 3046 828 3089 uua
848 3029 925 3088 hora
946 3033 1020 3090 ante
1044 3035 1163 3087 auroram

236 3126 271 3183 et
291 3123 355 3185 alia
374 3126 445 3200 post
462 3122 638 3195 meridiem,
660 3129 694 3182 et
714 3122 746 3182 in
769 3122 865 3182 altari
887 3121 1044 3199 portatili,
1060 3110 1164 3197 quantit

238 3217 304 3277 sine
326 3219 510 3278 Sanctorum
533 3215 687 3292 reliquiis,
703 3233 759 3276 nec
780 3234 841 3275 non
863 3215 1022 3276 deferendi
1042 3203 1164 3273 sanctissi-

237 3331 323 3373 mum
344 3315 585 3374 Sacramentum
610 3311 733 3372 occulte
753 3313 791 3372 ad
813 3312 954 3372 infirmos
982 3311 1047 3372 sine
1067 3303 1162 3369 lunius

238 3405 378 3484 illudque
400 3406 468 3466 sine
489 3407 598 3466 eodem
619 3405 779 3465 retinendi
800 3422 858 3488 prp
880 3404 990 3464 iisdem
1015 3393 1162 3464 infirmisit

237 3501 305 3562 loco
333 3505 438 3562 tamen
467 3498 609 3573 decenti,
636 3501 672 3559 ut
696 3499 786 3558 omne
808 3500 1007 3559 removeatur
1027 3490 1161 3575 perium
