2386 4194
601 201 779 263 -142-

208 311 391 390 religionem
413 310 606 384 excitabant,
623 309 733 370 acerbe
746 309 871 388 quidem
885 310 1071 371 deflevimus
1087 309 1146 387 apud

207 409 329 477 Deum,
351 405 639 480 communicataque
667 421 736 463 cum
763 403 999 464 venerabilibus
1020 402 1149 464 fratribus

209 498 327 561 nostris
349 500 382 559 S.
399 500 439 559 R.
455 499 491 558 E.
508 497 740 571 Gardinalibns,
755 496 851 557 animi
874 497 975 558 nostri
996 499 1148 566 anxietate,

208 615 278 657 cum
300 594 464 673 privatas,
491 597 558 654 tum
587 591 727 672 publicas
753 610 862 670 preces
882 591 1068 652 indiximus.
1091 593 1150 652 Hinc

208 689 292 750 datis
317 687 367 746 die
387 687 408 748 9
431 685 505 746 iulii
528 687 607 748 1790
633 687 671 747 ad
700 686 895 772 carissimum
923 685 956 744 in
982 685 1105 748 Christo
1127 685 1152 743 i·

208 781 287 842 lium
308 782 460 843 Nostrum
481 780 699 854 Ludoricum‚
721 797 827 857 regam
849 778 1151 852 christianissimum,

208 874 343 949 litteris,
359 892 430 933 eum
452 873 549 933 etiam
567 877 661 950 atqua
683 874 779 934 etiam
800 874 919 934 hortati
942 872 1074 947 fuimus,
1090 876 1118 931 nt
1129 889 1150 930 se

171 959 173 962 ⁵
209 972 342 1034 acicz'li
371 970 603 1030 constitutione
630 971 711 1029 cleri
739 968 952 1028 confirmanda
973 967 1171 1038 abstineret,

208 1084 285 1143 quae
306 1069 341 1126 et
361 1059 521 1124 nationem
543 1061 575 1121 in
597 1079 756 1136 errorem,
777 1072 810 1122 et
830 1063 862 1122 in
885 1061 1021 1121 schisma
1041 1077 1150 1138 regnum
1173 1080 1174 1124 l

208 1160 383 1220 induceret.
400 1154 498 1217 Nulla
518 1155 601 1213 enim
623 1155 747 1216 ratione
762 1155 832 1216 ficri
854 1157 994 1232 poterat,
1011 1157 1047 1214 ut
1071 1153 1151 1232 politi·
1174 1169 1175 1218 l

206 1269 260 1314 cus
273 1250 432 1312 hominum
447 1250 555 1307 coetus
573 1247 785 1310 universalem
798 1249 958 1312 Ecclesiae
973 1249 1149 1326 disciplinam
1175 1260 1176 1294 i

207 1344 404 1416 immutaret,
420 1344 600 1402 sanctornm
616 1342 749 1402 Petrum
771 1341 955 1414 sententias,
971 1345 1005 1402 et
1026 1341 1148 1402 concilio
1176 1350 1177 1382 l

208 1456 277 1499 rum
292 1440 418 1497 decreta
432 1437 660 1513 pessumdaret,
677 1435 907 1496 hierarchicum
923 1435 1067 1495 ordinem
1084 1451 1147 1494 ever·
1177 1441 1178 1464 ¹

207 1534 304 1603 teret,
321 1530 535 1608 episcoporum
551 1529 720 1589 electiones
740 1529 901 1590 arbitratu
916 1548 972 1589 suo
994 1531 1151 1590 moderare·
1178 1531 1179 1558 ³

207 1629 273 1697 tur,
289 1623 479 1702 episcopales
501 1624 588 1682 sedes
610 1623 811 1696 destrueret,
828 1629 876 1696 et,
892 1623 1017 1684 meliori
1039 1624 1150 1691 ablata,
1179 1621 1180 1640 ¹

207 1718 397 1778 deteriorem
420 1715 552 1776 formam
574 1717 606 1775 in
628 1715 800 1776 Ecclesiam
821 1716 998 1777 inveheret.

268 1815 370 1889 thue
396 1809 593 1871 hortationes
620 1812 755 1871 Nostrae
783 1809 1046 1872 christianissimi
1077 1808 1154 1886 Regis
1181 1804 1182 1848 l

207 1910 312 1969 animo
328 1907 427 1970 altius
439 1907 626 1979 insiderent,
641 1907 721 1967 alias
743 1908 832 1980 binas
853 1909 995 1970 dedimus
1016 1910 1048 1969 in
1071 1909 1154 1968 forma
1182 1894 1183 1942 l

206 2004 320 2064 Brevis
340 2003 494 2074 Litteras,
511 2001 560 2060 die
577 1998 616 2060 10
636 2001 773 2061 eiusdem
796 2002 926 2074 mensis,
941 2005 980 2062 ad
996 2005 1076 2063 Van.
1092 2003 1155 2063 Era·
1183 1985 1184 2023 ¹

207 2092 822 2173 tresArchiepiscoposBurdogalensem
842 2112 877 2154 uc
895 2095 1104 2154 Viennensem
1112 2094 1154 2171 (1),
1184 2072 1185 2100 ¹

206 2189 260 2267 qui
281 2189 381 2248 eidem
404 2190 536 2249 aderant
558 2188 661 2266 Regi,
683 2205 796 2264 eosque
822 2189 953 2265 paterne
981 2189 1153 2254 monuimus,

207 2287 243 2342 nt
258 2301 313 2344 sua
335 2299 404 2341 cum
419 2280 545 2341 Nostris
566 2279 698 2340 consilia
718 2280 957 2358 coniungerent,
975 2300 1026 2356 ne,
1042 2282 1070 2342 si
1083 2297 1155 2358 prae

206 2375 310 2435 dictae
330 2373 557 2436 constitutioni
579 2368 753 2432 iuctoritas
774 2390 895 2450 qnoque
924 2374 1022 2452 Regis
1049 2374 1157 2436 accedo·

208 2472 270 2539 ret,
287 2467 519 2527 schismaticum
544 2469 689 2556 Eegnum
718 2467 818 2544 ipsum
844 2469 1005 2542 evaderet,
1022 2468 1156 2528 schisma-

207 2561 264 2623 tici
280 2561 439 2639 Episcopi,
454 2559 509 2636 qui
528 2560 564 2621 ad
582 2559 806 2637 praescriptam
822 2563 1026 2622 Decretorum
1040 2563 1157 2622 forman

206 2660 404 2729 crearentur,
418 2672 494 2733 quos
507 2656 571 2716 Nos
592 2653 652 2732 ipsi
674 2657 843 2731 propterca
864 2655 1025 2717 declarare
1048 2661 1082 2718 nt
1107 2658 1157 2716 Pa-

206 2751 308 2810 stores
329 2749 491 2822 intrusos,
516 2747 660 2824 omnique
681 2750 824 2807 carentes
845 2748 1060 2811 ecclesiastica
1079 2749 1158 2809 iuris

205 2843 341 2902 dictione
364 2845 557 2902 teneremur.
586 2841 628 2901 Et
657 2859 717 2918 quo
745 2841 885 2901 dubitari
908 2843 1034 2904 minime
1056 2846 1157 2922 posset,

205 2953 299 2998 curas
320 2940 354 2997 et
375 2935 605 2996 sollicitudines
618 2937 752 2997 Nostras
772 2935 860 2996 unice
875 2939 913 2997 ad
928 2947 979 2996 res
994 2935 1157 3016 Religionis

204 3029 332 3101 referri,
347 3032 382 3088 et
395 3045 456 3105 quo
478 3027 676 3087 inimicorum
693 3029 784 3088 huius
798 3029 996 3106 Apostolicac
1012 3031 1095 3092 Sedis
1110 3045 1158 3088 ora

204 3122 458 3195 occluderentur,
474 3122 689 3200 praecepimus
703 3123 858 3200 suspendi
870 3128 1058 3186 eccuctr’oaes
1071 3132 1158 3184 tacc-

204 3216 333 3274 tu'onum
353 3231 410 3291 pro
430 3214 562 3274 Gallicis
583 3214 834 3292 expeditionibus
848 3260 857 3290 ‚
872 3234 911 3276 ex
926 3217 1069 3294 pristinis
1088 3217 1158 3276 (lon-

203 3306 419 3381 venatonibus,
440 3309 655 3384 perpetuaque
676 3308 903 3370 consuetudine
924 3309 1049 3371 Nostris
1063 3305 1158 3368 officiis

204 3400 395 3460 debitarum.

267 3518 303 3572 (1)
325 3515 384 3566 Vid.
404 3528 461 3576 sup.
474 3528 532 3576 pag.
545 3517 584 3564 24.
595 3517 634 3564 26.
