2364 4198
237 331 304 376 ram
326 311 388 372 loci
410 308 661 386 municipalitate
682 310 895 370 iuramentum
917 328 1007 372 suum
1027 315 1180 386 retractat,

235 427 271 470 ao
291 407 401 468 deiude
423 405 556 482 siugulis
577 403 814 465 communitatis
842 405 993 465 membris
1014 407 1180 483 patefaciat,

236 519 268 562 se
289 491 484 578 poenitentia
505 498 632 560 ductum
654 499 845 558 retractasse
866 515 1029 570 errorem,
1051 499 1103 558 bic
1124 517 1180 562 saus

236 593 348 673 agendi
375 593 482 652 modus
508 592 638 652 minIme
658 593 795 654 Nostrae
817 593 1040 653 adversabitur
1063 593 1180 671 legas

236 687 317 749 illud
339 684 525 764 praestabis,
541 688 578 744 ut
598 683 754 744 absolutio
773 684 890 744 nemini
912 675 1122 758 coucedatur,
1137 685 1180 744 nisi

237 781 325 860 prius
345 779 412 840 eius
433 777 673 838 retractationis
692 782 782 850 actus
802 795 898 856 supra
910 797 1063 855 expressa
1083 781 1180 840 metho·

237 879 276 937 do
290 871 476 934 manifestus
496 869 647 932 evaserit.
664 873 728 933 Nos
743 889 908 948 numquam
931 872 1092 934 deerimus
1106 876 1180 934 testa·

237 971 302 1030 tam
324 964 384 1024 tibi
403 963 507 1024 facere
528 977 719 1042 quacumque
733 964 766 1023 in
788 981 824 1024 re
841 963 1038 1040 singularem
1052 967 1180 1028 Nostrau

235 1061 268 1121 iu
292 1062 323 1119 te
344 1055 617 1124 benevolentiam,
639 1073 677 1116 ao
697 1057 987 1130 existimationem,
1012 1061 1048 1118 et
1076 1059 1180 1120 interiu

237 1153 308 1224 tibi,
325 1154 460 1227 tuaeque
484 1165 580 1210 curae
601 1151 781 1210 concredito
807 1150 898 1228 gregi
923 1151 1130 1227 apostolicam
1146 1153 1179 1211 be

237 1244 444 1306 nedictiouem
465 1237 667 1320 peramanter
684 1243 898 1320 impertimur.

296 1341 410 1399 Datum
433 1339 562 1409 Romae,
578 1337 627 1396 die
648 1339 709 1396 XX
730 1335 814 1397 Iunii
842 1337 1053 1410 Mocoxcss,
1077 1333 1171 1398 Poutl·

237 1433 326 1494 catus
347 1430 457 1492 Nostri
477 1446 558 1488 auno
578 1429 696 1490 XVIII.

676 1629 754 1685 ΙΝ,

278 1747 516 1804 snauurssruras,
532 1747 795 1804 rorsurrssmmn,
811 1749 849 1792 ac
864 1749 999 1792 uacuas
1021 1747 1153 1793 romum

525 1888 910 1950 OATHARINAE

236 2043 282 2104 Et
302 2059 443 2119 mappae
467 2041 621 2102 Ducissae
648 2041 821 2102 universae
848 2058 1007 2118 marnae,
1028 2047 1178 2120 parceret

297 2139 389 2200 aldae
401 2135 538 2196 Rosciae
549 2135 774 2210 autocr'atrict,
790 2152 916 2196 necnon
933 2154 1128 2214 maynorum
1139 2135 1179 2194 de,

295 2233 474 2290 mimorum
497 2229 716 2290 Orientalium
741 2236 772 2289 et
801 2228 1066 2292 Occideatotiam
1087 2233 1172 2292 Patro·

294 2339 374 2396 uae,
408 2323 640 2400 Aucustacque
671 2322 798 2382 heredis
831 2321 991 2384 Dominae
1034 2333 1068 2384 et
1096 2319 1166 2384 Dui-

294 2419 430 2479 nutriet.

424 2562 621 2644 rius
677 2563 1014 2684 aarum.

606 2764 833 2824 serenissima

295 2937 371 2998 (lum
393 2933 618 2996 iniustissimae
640 2951 676 2995 ac
698 2950 756 3010 per
776 2932 842 2992 vim
862 2933 1041 2994 contraius
1065 2931 1172 3013 gentiuu

235 3033 382 3107 peractae
402 3027 613 3105 occupationis
634 3030 814 3087 nostrarum
835 3025 868 3085 in
895 3026 1001 3086 Gallia
1024 3021 1176 3104 antiquiss,

234 3138 357 3183 marum
382 3121 536 3181 ditionum
558 3119 749 3178 memoriam
772 3118 1042 3188 conscriberemus
1064 3121 1101 3180 ad
1119 3111 1172 3176 mul·

236 3219 287 3276 tas
307 3213 411 3291 regias
431 3213 521 3276 aulas
541 3211 772 3284 dimittendam,
787 3229 847 3288 quo
867 3211 941 3272 illas
953 3214 993 3272 ad
1016 3206 1172 3273 tantumt-

235 3307 325 3368 cinus
350 3308 462 3367 saltem
491 3305 709 3366 detestandum
736 3303 807 3381 ipsa
833 3304 881 3364 rei
909 3305 1094 3366 narratione
1116 3313 1175 3377 cor,

230 3418 450 3472 moveremus,
473 3398 640 3476 praecipue
659 3396 884 3474 cogItationem
898 3398 1047 3460 Nostram
1070 3405 1171 3457 convn-

229 3493 335 3569 ·timus
355 3494 393 3554 ad
419 3493 621 3554 Maiestatem
647 3493 747 3564 tuam,
767 3488 1001 3570 augustissima
1027 3509 1064 3552 ac
1083 3489 1172 3550 Puteu-
