<?xml version="1.0" encoding="UTF-8"?>
<!DOCTYPE html PUBLIC "-//W3C//DTD XHTML 1.0 Transitional//EN"
    "http://www.w3.org/TR/xhtml1/DTD/xhtml1-transitional.dtd">
<html xmlns="http://www.w3.org/1999/xhtml" xml:lang="en" lang="en">
 <head>
  <title>
</title>
<meta http-equiv="Content-Type" content="text/html;charset=utf-8" />
  <meta name='ocr-system' content='tesseract 3.04.00' />
  <meta name='ocr-capabilities' content='ocr_page ocr_carea ocr_par ocr_line ocrx_word'/>
</head>
<body>
  <div class='ocr_page' id='page_1' title='image "./piivipontmaxact00piusgoog_0355.png"; bbox 0 0 2372 4198; ppageno 0'>
   <div class='ocr_carea' id='block_1_1' title="bbox 609 191 789 251">
    <p class='ocr_par' dir='ltr' id='par_1_1' title="bbox 609 191 789 251">
     <span class='ocr_line' id='line_1_1' title="bbox 609 191 789 251; baseline -0.011 1"><span class='ocrx_word' id='word_1_1' title='bbox 609 191 789 251; x_wconf 83' lang='grc'>-316-</span> 
     </span>
    </p>
   </div>
   <div class='ocr_carea' id='block_1_2' title="bbox 219 297 1147 468">
    <p class='ocr_par' dir='ltr' id='par_1_2' title="bbox 219 297 1147 468">
     <span class='ocr_line' id='line_1_2' title="bbox 220 297 1147 376; baseline -0.004 -17"><span class='ocrx_word' id='word_1_2' title='bbox 220 301 303 359; x_wconf 87' lang='lat' dir='ltr'><strong>ctam</strong></span> <span class='ocrx_word' id='word_1_3' title='bbox 325 298 455 359; x_wconf 88' lang='lat' dir='ltr'><strong>haberet</strong></span> <span class='ocrx_word' id='word_1_4' title='bbox 476 300 665 376; x_wconf 88' lang='lat' dir='ltr'><strong>potestatem</strong></span> <span class='ocrx_word' id='word_1_5' title='bbox 681 299 863 358; x_wconf 87' lang='lat' dir='ltr'><strong>absolvendi</strong></span> <span class='ocrx_word' id='word_1_6' title='bbox 886 297 1147 360; x_wconf 84' lang='lat' dir='ltr'><strong>Ecclesiasticose</strong></span> 
     </span>
     <span class='ocr_line' id='line_1_3' title="bbox 219 391 1143 468; baseline -0.001 -17"><span class='ocrx_word' id='word_1_7' title='bbox 219 391 282 453; x_wconf 90' lang='lat' dir='ltr'><strong>iam</strong></span> <span class='ocrx_word' id='word_1_8' title='bbox 305 391 460 464; x_wconf 81' lang='lat' dir='ltr'><strong>intrusos,</strong></span> <span class='ocrx_word' id='word_1_9' title='bbox 476 409 608 468; x_wconf 87' lang='lat' dir='ltr'><strong>quorum</strong></span> <span class='ocrx_word' id='word_1_10' title='bbox 629 392 747 452; x_wconf 81' lang='lat' dir='ltr'><strong>crimen</strong></span> <span class='ocrx_word' id='word_1_11' title='bbox 771 393 901 452; x_wconf 91' lang='lat' dir='ltr'><strong>illorum</strong></span> <span class='ocrx_word' id='word_1_12' title='bbox 922 393 1108 464; x_wconf 87' lang='lat' dir='ltr'><strong>antecellit,</strong></span> <span class='ocrx_word' id='word_1_13' title='bbox 1124 411 1143 467; x_wconf 73' lang='lat' dir='ltr'><strong>p</strong></span> 
     </span>
    </p>
   </div>
   <div class='ocr_carea' id='block_1_3' title="bbox 123 480 1142 560">
    <p class='ocr_par' dir='ltr' id='par_1_3' title="bbox 123 480 1142 560">
     <span class='ocr_line' id='line_1_4' title="bbox 123 480 1142 560; baseline -0.001 -15"><span class='ocrx_word' id='word_1_14' title='bbox 123 480 126 488; x_wconf 81' lang='grc'><strong><em>’</em></strong></span> <span class='ocrx_word' id='word_1_15' title='bbox 221 485 366 554; x_wconf 82' lang='lat' dir='ltr'><strong>civicose</strong></span> <span class='ocrx_word' id='word_1_16' title='bbox 388 489 511 545; x_wconf 89' lang='lat' dir='ltr'><strong>tantum</strong></span> <span class='ocrx_word' id='word_1_17' title='bbox 526 491 722 547; x_wconf 86' lang='lat' dir='ltr'><strong>aeramento</strong></span> <span class='ocrx_word' id='word_1_18' title='bbox 737 487 1043 560; x_wconf 85' lang='lat' dir='ltr'><strong>obstrinxerunt‚et</strong></span> <span class='ocrx_word' id='word_1_19' title='bbox 1064 487 1102 545; x_wconf 91' lang='lat' dir='ltr'><strong>de</strong></span> <span class='ocrx_word' id='word_1_20' title='bbox 1133 510 1142 535; x_wconf 75' lang='grc' dir='ltr'><strong>ιι</strong></span> 
     </span>
    </p>
   </div>
   <div class='ocr_carea' id='block_1_4' title="bbox 153 579 1173 1776">
    <p class='ocr_par' dir='ltr' id='par_1_4' title="bbox 153 579 1092 658">
     <span class='ocr_line' id='line_1_5' title="bbox 153 579 1092 658; baseline 0.001 -19"><span class='ocrx_word' id='word_1_21' title='bbox 153 583 154 586; x_wconf 75' lang='grc'>’</span> <span class='ocrx_word' id='word_1_22' title='bbox 221 579 278 640; x_wconf 90' lang='lat' dir='ltr'><strong>bus</strong></span> <span class='ocrx_word' id='word_1_23' title='bbox 299 579 329 638; x_wconf 95' lang='lat' dir='ltr'><strong>in</strong></span> <span class='ocrx_word' id='word_1_24' title='bbox 351 597 387 639; x_wconf 91' lang='lat' dir='ltr'><strong>eo</strong></span> <span class='ocrx_word' id='word_1_25' title='bbox 408 580 543 640; x_wconf 89' lang='lat' dir='ltr'><strong>articulo</strong></span> <span class='ocrx_word' id='word_1_26' title='bbox 564 581 708 658; x_wconf 86' lang='lat' dir='ltr'><strong>specialis</strong></span> <span class='ocrx_word' id='word_1_27' title='bbox 729 580 847 640; x_wconf 90' lang='lat' dir='ltr'><strong>mentio</strong></span> <span class='ocrx_word' id='word_1_28' title='bbox 867 580 954 641; x_wconf 85' lang='lat' dir='ltr'><strong>facta</strong></span> <span class='ocrx_word' id='word_1_29' title='bbox 974 579 1092 640; x_wconf 87' lang='lat' dir='ltr'><strong>fuerat.</strong></span> 
     </span>
    </p>

    <p class='ocr_par' dir='ltr' id='par_1_5' title="bbox 219 667 1172 1590">
     <span class='ocr_line' id='line_1_6' title="bbox 280 667 1150 750; baseline -0.002 -18"><span class='ocrx_word' id='word_1_30' title='bbox 280 673 316 732; x_wconf 91' lang='lat' dir='ltr'><strong>lu</strong></span> <span class='ocrx_word' id='word_1_31' title='bbox 344 673 401 731; x_wconf 87' lang='lat' dir='ltr'><strong>hac</strong></span> <span class='ocrx_word' id='word_1_32' title='bbox 428 689 534 732; x_wconf 88' lang='lat' dir='ltr'><strong>rerum</strong></span> <span class='ocrx_word' id='word_1_33' title='bbox 555 673 765 750; x_wconf 87' lang='lat' dir='ltr'><strong>ambiguitate</strong></span> <span class='ocrx_word' id='word_1_34' title='bbox 785 677 891 733; x_wconf 83' lang='lat' dir='ltr'><strong>sancte</strong></span> <span class='ocrx_word' id='word_1_35' title='bbox 920 667 1150 750; x_wconf 56' lang='lat' dir='ltr'><strong>religioseque*</strong></span> 
     </span>
     <span class='ocr_line' id='line_1_7' title="bbox 220 764 1160 850; baseline -0.001 -25"><span class='ocrx_word' id='word_1_36' title='bbox 220 765 288 825; x_wconf 90' lang='lat' dir='ltr'><strong>dem</strong></span> <span class='ocrx_word' id='word_1_37' title='bbox 303 764 438 850; x_wconf 80' lang='lat' dir='ltr'><strong>episcopi</strong></span> <span class='ocrx_word' id='word_1_38' title='bbox 453 767 588 842; x_wconf 79' lang='lat' dir='ltr'><strong>professi</strong></span> <span class='ocrx_word' id='word_1_39' title='bbox 602 769 687 838; x_wconf 89' lang='lat' dir='ltr'><strong>sunt,</strong></span> <span class='ocrx_word' id='word_1_40' title='bbox 703 785 736 826; x_wconf 90' lang='lat' dir='ltr'><strong>se</strong></span> <span class='ocrx_word' id='word_1_41' title='bbox 751 785 843 844; x_wconf 91' lang='lat' dir='ltr'><strong>quam</strong></span> <span class='ocrx_word' id='word_1_42' title='bbox 859 767 997 826; x_wconf 83' lang='lat' dir='ltr'><strong>maxime</strong></span> <span class='ocrx_word' id='word_1_43' title='bbox 1013 767 1160 826; x_wconf 74' lang='lat' dir='ltr'><strong>abhorrere</strong></span> 
     </span>
     <span class='ocr_line' id='line_1_8' title="bbox 221 859 1162 935; baseline -0.001 -18"><span class='ocrx_word' id='word_1_44' title='bbox 221 860 561 935; x_wconf 88' lang='lat' dir='ltr'><strong>apractergredicudis</strong></span> <span class='ocrx_word' id='word_1_45' title='bbox 581 860 737 920; x_wconf 82' lang='lat' dir='ltr'><strong>limitibus</strong></span> <span class='ocrx_word' id='word_1_46' title='bbox 753 861 942 920; x_wconf 76' lang='lat' dir='ltr'><strong>facultatum</strong></span> <span class='ocrx_word' id='word_1_47' title='bbox 963 860 1026 919; x_wconf 91' lang='lat' dir='ltr'><strong>sibi</strong></span> <span class='ocrx_word' id='word_1_48' title='bbox 1050 859 1162 921; x_wconf 83' lang='lat' dir='ltr'><strong>tributa·</strong></span> 
     </span>
     <span class='ocr_line' id='line_1_9' title="bbox 219 952 1167 1030; baseline 0.001 -21"><span class='ocrx_word' id='word_1_49' title='bbox 219 967 302 1024; x_wconf 82' lang='lat' dir='ltr'><strong>rum3</strong></span> <span class='ocrx_word' id='word_1_50' title='bbox 318 953 454 1029; x_wconf 85' lang='lat' dir='ltr'><strong>adeoque</strong></span> <span class='ocrx_word' id='word_1_51' title='bbox 469 952 583 1012; x_wconf 91' lang='lat' dir='ltr'><strong>iterum</strong></span> <span class='ocrx_word' id='word_1_52' title='bbox 599 955 636 1011; x_wconf 87' lang='lat' dir='ltr'><strong>ad</strong></span> <span class='ocrx_word' id='word_1_53' title='bbox 651 953 717 1015; x_wconf 91' lang='lat' dir='ltr'><strong>Nos</strong></span> <span class='ocrx_word' id='word_1_54' title='bbox 732 953 949 1030; x_wconf 69' lang='lat' dir='ltr'><strong>confugientes</strong></span> <span class='ocrx_word' id='word_1_55' title='bbox 963 953 1167 1027; x_wconf 67' lang='lat' dir='ltr'><strong>cuiuscumque</strong></span> 
     </span>
     <span class='ocr_line' id='line_1_10' title="bbox 221 1029 1168 1140; baseline -0.002 -37"><span class='ocrx_word' id='word_1_56' title='bbox 221 1029 393 1104; x_wconf 81' lang='lat' dir='ltr'><strong>dubietatis</strong></span> <span class='ocrx_word' id='word_1_57' title='bbox 415 1045 571 1106; x_wconf 88' lang='lat' dir='ltr'><strong>tollendae</strong></span> <span class='ocrx_word' id='word_1_58' title='bbox 592 1063 695 1117; x_wconf 85' lang='lat' dir='ltr'><strong>causa,</strong></span> <span class='ocrx_word' id='word_1_59' title='bbox 712 1050 821 1122; x_wconf 87' lang='lat' dir='ltr'><strong>aperte</strong></span> <span class='ocrx_word' id='word_1_60' title='bbox 834 1047 932 1107; x_wconf 89' lang='lat' dir='ltr'><strong>Nobis</strong></span> <span class='ocrx_word' id='word_1_61' title='bbox 947 1045 1168 1140; x_wconf 36' lang='lat' dir='ltr'><strong>significaruntp</strong></span> 
     </span>
     <span class='ocr_line' id='line_1_11' title="bbox 220 1137 1168 1216; baseline -0.004 -19"><span class='ocrx_word' id='word_1_62' title='bbox 220 1155 252 1197; x_wconf 92' lang='lat' dir='ltr'><strong>sc</strong></span> <span class='ocrx_word' id='word_1_63' title='bbox 265 1137 398 1198; x_wconf 81' lang='lat' dir='ltr'><strong>maxime</strong></span> <span class='ocrx_word' id='word_1_64' title='bbox 415 1141 537 1214; x_wconf 83' lang='lat' dir='ltr'><strong>optare,</strong></span> <span class='ocrx_word' id='word_1_65' title='bbox 554 1141 589 1198; x_wconf 89' lang='lat' dir='ltr'><strong>ut</strong></span> <span class='ocrx_word' id='word_1_66' title='bbox 604 1140 756 1216; x_wconf 89' lang='lat' dir='ltr'><strong>episcopis</strong></span> <span class='ocrx_word' id='word_1_67' title='bbox 772 1139 969 1198; x_wconf 76' lang='lat' dir='ltr'><strong>tribueretur</strong></span> <span class='ocrx_word' id='word_1_68' title='bbox 984 1138 1119 1200; x_wconf 82' lang='lat' dir='ltr'><strong>facultas</strong></span> <span class='ocrx_word' id='word_1_69' title='bbox 1129 1138 1168 1194; x_wconf 58' lang='lat' dir='ltr'><strong>ina</strong></span> 
     </span>
     <span class='ocr_line' id='line_1_12' title="bbox 221 1229 1159 1309; baseline 0 -19"><span class='ocrx_word' id='word_1_70' title='bbox 221 1229 318 1290; x_wconf 82' lang='lat' dir='ltr'><strong>trusis</strong></span> <span class='ocrx_word' id='word_1_71' title='bbox 339 1230 527 1290; x_wconf 88' lang='lat' dir='ltr'><strong>conciliandi</strong></span> <span class='ocrx_word' id='word_1_72' title='bbox 542 1231 698 1291; x_wconf 80' lang='lat' dir='ltr'><strong>Ecclesiae</strong></span> <span class='ocrx_word' id='word_1_73' title='bbox 712 1232 862 1309; x_wconf 84' lang='lat' dir='ltr'><strong>gretiam,</strong></span> <span class='ocrx_word' id='word_1_74' title='bbox 875 1249 989 1308; x_wconf 82' lang='lat' dir='ltr'><strong>eosque</strong></span> <span class='ocrx_word' id='word_1_75' title='bbox 1005 1251 1025 1291; x_wconf 89' lang='lat' dir='ltr'><strong>a</strong></span> <span class='ocrx_word' id='word_1_76' title='bbox 1045 1229 1159 1290; x_wconf 81' lang='lat' dir='ltr'><strong>censuri</strong></span> 
     </span>
     <span class='ocr_line' id='line_1_13' title="bbox 221 1303 1170 1408; baseline -0.001 -24"><span class='ocrx_word' id='word_1_77' title='bbox 221 1325 380 1397; x_wconf 78' lang='lat' dir='ltr'><strong>solvendi3</strong></span> <span class='ocrx_word' id='word_1_78' title='bbox 404 1341 473 1384; x_wconf 90' lang='lat' dir='ltr'><strong>cum</strong></span> <span class='ocrx_word' id='word_1_79' title='bbox 496 1326 571 1385; x_wconf 86' lang='lat' dir='ltr'><strong>haec</strong></span> <span class='ocrx_word' id='word_1_80' title='bbox 591 1325 725 1408; x_wconf 85' lang='lat' dir='ltr'><strong>facultas</strong></span> <span class='ocrx_word' id='word_1_81' title='bbox 747 1344 806 1385; x_wconf 93' lang='lat' dir='ltr'><strong>non</strong></span> <span class='ocrx_word' id='word_1_82' title='bbox 829 1326 926 1386; x_wconf 87' lang='lat' dir='ltr'><strong>solum</strong></span> <span class='ocrx_word' id='word_1_83' title='bbox 950 1327 1033 1386; x_wconf 87' lang='lat' dir='ltr'><strong>nihil</strong></span> <span class='ocrx_word' id='word_1_84' title='bbox 1056 1303 1170 1392; x_wconf 75' lang='lat' dir='ltr'><strong>haberti</strong></span> 
     </span>
     <span class='ocr_line' id='line_1_14' title="bbox 221 1413 1171 1497; baseline -0.002 -19"><span class='ocrx_word' id='word_1_85' title='bbox 221 1418 372 1494; x_wconf 85' lang='lat' dir='ltr'><strong>periculi,</strong></span> <span class='ocrx_word' id='word_1_86' title='bbox 388 1419 439 1478; x_wconf 90' lang='lat' dir='ltr'><strong>sed</strong></span> <span class='ocrx_word' id='word_1_87' title='bbox 462 1437 575 1495; x_wconf 88' lang='lat' dir='ltr'><strong>magno</strong></span> <span class='ocrx_word' id='word_1_88' title='bbox 594 1420 690 1481; x_wconf 88' lang='lat' dir='ltr'><strong>etiam</strong></span> <span class='ocrx_word' id='word_1_89' title='bbox 713 1420 861 1497; x_wconf 78' lang='lat' dir='ltr'><strong>religioni</strong></span> <span class='ocrx_word' id='word_1_90' title='bbox 882 1437 948 1480; x_wconf 90' lang='lat' dir='ltr'><strong>esse</strong></span> <span class='ocrx_word' id='word_1_91' title='bbox 976 1425 1085 1497; x_wconf 86' lang='lat' dir='ltr'><strong>posset</strong></span> <span class='ocrx_word' id='word_1_92' title='bbox 1104 1413 1171 1496; x_wconf 72' lang='lat' dir='ltr'><strong>smol</strong></span> 
     </span>
     <span class='ocr_line' id='line_1_15' title="bbox 221 1509 1172 1590; baseline 0 -20"><span class='ocrx_word' id='word_1_93' title='bbox 221 1509 372 1571; x_wconf 89' lang='lat' dir='ltr'><strong>lumento.</strong></span> <span class='ocrx_word' id='word_1_94' title='bbox 413 1541 415 1550; x_wconf 75' lang='lat'>=</span> <span class='ocrx_word' id='word_1_95' title='bbox 1171 1521 1172 1590; x_wconf 71' lang='grc'><strong>1</strong></span> 
     </span>
    </p>

    <p class='ocr_par' dir='ltr' id='par_1_6' title="bbox 222 1605 1173 1776">
     <span class='ocr_line' id='line_1_16' title="bbox 281 1605 1173 1694; baseline 0.001 -29"><span class='ocrx_word' id='word_1_96' title='bbox 281 1607 397 1665; x_wconf 89' lang='lat' dir='ltr'><strong>Vestra</strong></span> <span class='ocrx_word' id='word_1_97' title='bbox 418 1605 494 1664; x_wconf 88' lang='lat' dir='ltr'><strong>haec</strong></span> <span class='ocrx_word' id='word_1_98' title='bbox 521 1605 633 1683; x_wconf 84' lang='lat' dir='ltr'><strong>agendi</strong></span> <span class='ocrx_word' id='word_1_99' title='bbox 653 1605 755 1679; x_wconf 86' lang='lat' dir='ltr'><strong>ratio,</strong></span> <span class='ocrx_word' id='word_1_100' title='bbox 777 1605 887 1666; x_wconf 90' lang='lat' dir='ltr'><strong>dilecti</strong></span> <span class='ocrx_word' id='word_1_101' title='bbox 909 1605 971 1666; x_wconf 87' lang='lat' dir='ltr'><strong>filii</strong></span> <span class='ocrx_word' id='word_1_102' title='bbox 997 1607 1122 1676; x_wconf 82' lang='lat' dir='ltr'><strong>Nostri,</strong></span> <span class='ocrx_word' id='word_1_103' title='bbox 1139 1605 1173 1694; x_wconf 54' lang='lat' dir='ltr'><strong>etp</strong></span> 
     </span>
     <span class='ocr_line' id='line_1_17' title="bbox 222 1698 1160 1776; baseline -0.004 -18"><span class='ocrx_word' id='word_1_104' title='bbox 222 1717 292 1758; x_wconf 84' lang='lat' dir='ltr'><strong>ven.</strong></span> <span class='ocrx_word' id='word_1_105' title='bbox 316 1698 454 1771; x_wconf 84' lang='lat' dir='ltr'><strong>fratres,</strong></span> <span class='ocrx_word' id='word_1_106' title='bbox 479 1717 514 1759; x_wconf 92' lang='lat' dir='ltr'><strong>ac</strong></span> <span class='ocrx_word' id='word_1_107' title='bbox 535 1699 644 1760; x_wconf 89' lang='lat' dir='ltr'><strong>dilecti</strong></span> <span class='ocrx_word' id='word_1_108' title='bbox 666 1699 748 1770; x_wconf 89' lang='grc'>11111,</span> <span class='ocrx_word' id='word_1_109' title='bbox 771 1699 867 1776; x_wconf 85' lang='lat' dir='ltr'><strong>digna</strong></span> <span class='ocrx_word' id='word_1_110' title='bbox 892 1718 966 1760; x_wconf 90' lang='lat' dir='ltr'><strong>sane</strong></span> <span class='ocrx_word' id='word_1_111' title='bbox 996 1704 1069 1771; x_wconf 86' lang='lat' dir='ltr'><strong>est,</strong></span> <span class='ocrx_word' id='word_1_112' title='bbox 1090 1713 1160 1775; x_wconf 85' lang='lat' dir='ltr'><strong>quun</strong></span> 
     </span>
    </p>
   </div>
   <div class='ocr_carea' id='block_1_5' title="bbox 110 1783 1174 1874">
    <p class='ocr_par' dir='ltr' id='par_1_7' title="bbox 110 1783 1174 1874">
     <span class='ocr_line' id='line_1_18' title="bbox 110 1783 1174 1874; baseline -0.004 -21"><span class='ocrx_word' id='word_1_113' title='bbox 110 1783 115 1792; x_wconf 73' lang='grc'>’</span> <span class='ocrx_word' id='word_1_114' title='bbox 146 1869 150 1874; x_wconf 28' lang='grc'><em>“</em></span> <span class='ocrx_word' id='word_1_115' title='bbox 219 1792 347 1852; x_wconf 87' lang='lat' dir='ltr'><strong>summis</strong></span> <span class='ocrx_word' id='word_1_116' title='bbox 368 1792 523 1864; x_wconf 79' lang='lat' dir='ltr'><strong>laudibus,</strong></span> <span class='ocrx_word' id='word_1_117' title='bbox 539 1793 621 1854; x_wconf 89' lang='lat' dir='ltr'><strong>sicut</strong></span> <span class='ocrx_word' id='word_1_118' title='bbox 642 1793 722 1854; x_wconf 85' lang='lat' dir='ltr'><strong>alias</strong></span> <span class='ocrx_word' id='word_1_119' title='bbox 736 1793 876 1865; x_wconf 82' lang='lat' dir='ltr'><strong>fecimus,</strong></span> <span class='ocrx_word' id='word_1_120' title='bbox 892 1793 1097 1854; x_wconf 86' lang='lat' dir='ltr'><strong>extollamus.</strong></span> <span class='ocrx_word' id='word_1_121' title='bbox 1111 1792 1174 1852; x_wconf 49' lang='lat' dir='ltr'><strong>Not*</strong></span> 
     </span>
    </p>
   </div>
   <div class='ocr_carea' id='block_1_6' title="bbox 217 1884 1177 3080">
    <p class='ocr_par' dir='ltr' id='par_1_8' title="bbox 219 1849 1177 2508">
     <span class='ocr_line' id='line_1_19' title="bbox 220 1884 1159 1962; baseline 0 -16"><span class='ocrx_word' id='word_1_122' title='bbox 220 1885 326 1962; x_wconf 84' lang='lat' dir='ltr'><strong>itaque</strong></span> <span class='ocrx_word' id='word_1_123' title='bbox 348 1885 451 1962; x_wconf 87' lang='lat' dir='ltr'><strong>parati</strong></span> <span class='ocrx_word' id='word_1_124' title='bbox 483 1903 519 1944; x_wconf 83' lang='lat' dir='ltr'><strong>ec</strong></span> <span class='ocrx_word' id='word_1_125' title='bbox 540 1884 676 1962; x_wconf 87' lang='lat' dir='ltr'><strong>prompti</strong></span> <span class='ocrx_word' id='word_1_126' title='bbox 706 1885 830 1945; x_wconf 87' lang='lat' dir='ltr'><strong>Vestris</strong></span> <span class='ocrx_word' id='word_1_127' title='bbox 858 1885 1067 1962; x_wconf 87' lang='lat' dir='ltr'><strong>petitionibus</strong></span> <span class='ocrx_word' id='word_1_128' title='bbox 1093 1884 1159 1944; x_wconf 87' lang='lat' dir='ltr'><strong>obsc-</strong></span> 
     </span>
     <span class='ocr_line' id='line_1_20' title="bbox 221 1959 1176 2054; baseline -0.003 -17"><span class='ocrx_word' id='word_1_129' title='bbox 221 1977 392 2038; x_wconf 88' lang='lat' dir='ltr'><strong>cundandis</strong></span> <span class='ocrx_word' id='word_1_130' title='bbox 419 1977 450 2036; x_wconf 92' lang='lat' dir='ltr'><strong>in</strong></span> <span class='ocrx_word' id='word_1_131' title='bbox 473 1977 512 2036; x_wconf 90' lang='lat' dir='ltr'><strong>iis</strong></span> <span class='ocrx_word' id='word_1_132' title='bbox 540 1978 694 2049; x_wconf 87' lang='lat' dir='ltr'><strong>omnibus,</strong></span> <span class='ocrx_word' id='word_1_133' title='bbox 717 1995 795 2054; x_wconf 88' lang='lat' dir='ltr'><strong>quae</strong></span> <span class='ocrx_word' id='word_1_134' title='bbox 824 1977 856 2038; x_wconf 95' lang='lat' dir='ltr'><strong>in</strong></span> <span class='ocrx_word' id='word_1_135' title='bbox 878 1976 1009 2040; x_wconf 88' lang='lat' dir='ltr'><strong>Domino</strong></span> <span class='ocrx_word' id='word_1_136' title='bbox 1036 1959 1176 2053; x_wconf 80' lang='lat' dir='ltr'><strong>expedirsi</strong></span> 
     </span>
     <span class='ocr_line' id='line_1_21' title="bbox 219 2069 1177 2142; baseline 0 -10"><span class='ocrx_word' id='word_1_137' title='bbox 219 2072 317 2133; x_wconf 89' lang='lat' dir='ltr'><strong>Nobis</strong></span> <span class='ocrx_word' id='word_1_138' title='bbox 337 2071 507 2142; x_wconf 86' lang='lat' dir='ltr'><strong>videntur,</strong></span> <span class='ocrx_word' id='word_1_139' title='bbox 530 2071 561 2130; x_wconf 89' lang='lat' dir='ltr'><strong>iu</strong></span> <span class='ocrx_word' id='word_1_140' title='bbox 589 2071 728 2131; x_wconf 89' lang='lat' dir='ltr'><strong>animum</strong></span> <span class='ocrx_word' id='word_1_141' title='bbox 748 2071 899 2132; x_wconf 88' lang='lat' dir='ltr'><strong>Nostrum</strong></span> <span class='ocrx_word' id='word_1_142' title='bbox 925 2070 1098 2130; x_wconf 85' lang='lat' dir='ltr'><strong>inducimus</strong></span> <span class='ocrx_word' id='word_1_143' title='bbox 1119 2083 1158 2126; x_wconf 76' lang='lat' dir='ltr'><strong>no»</strong></span> <span class='ocrx_word' id='word_1_144' title='bbox 1176 2069 1177 2132; x_wconf 88' lang='grc'><strong>1</strong></span> 
     </span>
     <span class='ocr_line' id='line_1_22' title="bbox 221 2163 1153 2242; baseline -0.009 -14"><span class='ocrx_word' id='word_1_145' title='bbox 221 2182 292 2228; x_wconf 77' lang='lat' dir='ltr'><strong>vam</strong></span> <span class='ocrx_word' id='word_1_146' title='bbox 315 2164 410 2228; x_wconf 92' lang='lat' dir='ltr'><strong>Vobis</strong></span> <span class='ocrx_word' id='word_1_147' title='bbox 429 2163 589 2241; x_wconf 89' lang='lat' dir='ltr'><strong>impertiri</strong></span> <span class='ocrx_word' id='word_1_148' title='bbox 611 2163 814 2237; x_wconf 88' lang='lat' dir='ltr'><strong>facultatem,</strong></span> <span class='ocrx_word' id='word_1_149' title='bbox 835 2182 914 2240; x_wconf 85' lang='lat' dir='ltr'><strong>quae</strong></span> <span class='ocrx_word' id='word_1_150' title='bbox 935 2164 1035 2224; x_wconf 89' lang='lat' dir='ltr'><strong>latius</strong></span> <span class='ocrx_word' id='word_1_151' title='bbox 1053 2165 1153 2242; x_wconf 82' lang='lat' dir='ltr'><strong>pateat,</strong></span> 
     </span>
     <span class='ocr_line' id='line_1_23' title="bbox 220 2258 1147 2336; baseline -0.005 -19"><span class='ocrx_word' id='word_1_152' title='bbox 220 2262 254 2318; x_wconf 92' lang='lat' dir='ltr'><strong>et</strong></span> <span class='ocrx_word' id='word_1_153' title='bbox 267 2277 344 2335; x_wconf 90' lang='lat' dir='ltr'><strong>quae</strong></span> <span class='ocrx_word' id='word_1_154' title='bbox 365 2258 501 2336; x_wconf 81' lang='lat' dir='ltr'><strong>egregiis</strong></span> <span class='ocrx_word' id='word_1_155' title='bbox 516 2259 640 2320; x_wconf 88' lang='lat' dir='ltr'><strong>Vestris</strong></span> <span class='ocrx_word' id='word_1_156' title='bbox 661 2258 800 2318; x_wconf 90' lang='lat' dir='ltr'><strong>sensibus</strong></span> <span class='ocrx_word' id='word_1_157' title='bbox 822 2259 1028 2335; x_wconf 84' lang='lat' dir='ltr'><strong>respondeat,</strong></span> <span class='ocrx_word' id='word_1_158' title='bbox 1040 2270 1147 2334; x_wconf 71' lang='lat' dir='ltr'><strong>quaerre</strong></span> 
     </span>
     <span class='ocr_line' id='line_1_24' title="bbox 222 2348 1146 2430; baseline 0.002 -18"><span class='ocrx_word' id='word_1_159' title='bbox 222 2370 282 2412; x_wconf 86' lang='lat' dir='ltr'><strong>uno</strong></span> <span class='ocrx_word' id='word_1_160' title='bbox 304 2353 471 2429; x_wconf 91' lang='lat' dir='ltr'><strong>eodemque</strong></span> <span class='ocrx_word' id='word_1_161' title='bbox 493 2357 632 2430; x_wconf 88' lang='lat' dir='ltr'><strong>tempore</strong></span> <span class='ocrx_word' id='word_1_162' title='bbox 654 2358 689 2413; x_wconf 90' lang='lat' dir='ltr'><strong>et</strong></span> <span class='ocrx_word' id='word_1_163' title='bbox 702 2352 859 2414; x_wconf 84' lang='lat' dir='ltr'><strong>canonicis</strong></span> <span class='ocrx_word' id='word_1_164' title='bbox 881 2353 1014 2429; x_wconf 86' lang='lat' dir='ltr'><strong>regulis,</strong></span> <span class='ocrx_word' id='word_1_165' title='bbox 1030 2356 1065 2412; x_wconf 89' lang='lat' dir='ltr'><strong>at</strong></span> <span class='ocrx_word' id='word_1_166' title='bbox 1076 2348 1146 2414; x_wconf 74' lang='grc'>111111·</span> 
     </span>
     <span class='ocr_line' id='line_1_25' title="bbox 221 2446 731 2508; baseline -0.004 0"><span class='ocrx_word' id='word_1_167' title='bbox 221 2446 286 2508; x_wconf 83' lang='lat' dir='ltr'><strong>sise</strong></span> <span class='ocrx_word' id='word_1_168' title='bbox 306 2447 522 2506; x_wconf 89' lang='lat' dir='ltr'><strong>consuetudini</strong></span> <span class='ocrx_word' id='word_1_169' title='bbox 544 2447 731 2508; x_wconf 79' lang='lat' dir='ltr'><strong>satisfaciat.</strong></span> 
     </span>
    </p>

    <p class='ocr_par' dir='ltr' id='par_1_9' title="bbox 217 2539 1159 3080">
     <span class='ocr_line' id='line_1_26' title="bbox 281 2539 1154 2618; baseline 0.003 -17"><span class='ocrx_word' id='word_1_170' title='bbox 281 2541 360 2601; x_wconf 90' lang='lat' dir='ltr'><strong>lllud</strong></span> <span class='ocrx_word' id='word_1_171' title='bbox 374 2541 521 2600; x_wconf 84' lang='lat' dir='ltr'><strong>tamenin</strong></span> <span class='ocrx_word' id='word_1_172' title='bbox 534 2544 728 2602; x_wconf 84' lang='lat' dir='ltr'><strong>antecessum</strong></span> <span class='ocrx_word' id='word_1_173' title='bbox 740 2540 1031 2602; x_wconf 64' lang='lat' dir='ltr'><strong>animadvertamus</strong></span> <span class='ocrx_word' id='word_1_174' title='bbox 1042 2539 1154 2618; x_wconf 73' lang='lat' dir='ltr'><strong>oportet</strong></span> 
     </span>
     <span class='ocr_line' id='line_1_27' title="bbox 220 2630 1157 2710; baseline -0.005 -18"><span class='ocrx_word' id='word_1_175' title='bbox 220 2635 299 2710; x_wconf 93' lang='lat' dir='ltr'><strong>quod</strong></span> <span class='ocrx_word' id='word_1_176' title='bbox 322 2633 429 2692; x_wconf 90' lang='lat' dir='ltr'><strong>sedulo</strong></span> <span class='ocrx_word' id='word_1_177' title='bbox 444 2633 606 2710; x_wconf 90' lang='lat' dir='ltr'><strong>perpensis</strong></span> <span class='ocrx_word' id='word_1_178' title='bbox 626 2633 678 2706; x_wconf 85' lang='lat' dir='ltr'><strong>iis,</strong></span> <span class='ocrx_word' id='word_1_179' title='bbox 693 2651 771 2710; x_wconf 84' lang='lat' dir='ltr'><strong>quae</strong></span> <span class='ocrx_word' id='word_1_180' title='bbox 785 2635 823 2692; x_wconf 80' lang='lat' dir='ltr'><strong>ad</strong></span> <span class='ocrx_word' id='word_1_181' title='bbox 845 2635 909 2696; x_wconf 88' lang='lat' dir='ltr'><strong>Nos</strong></span> <span class='ocrx_word' id='word_1_182' title='bbox 923 2634 1025 2709; x_wconf 89' lang='lat' dir='ltr'><strong>prima</strong></span> <span class='ocrx_word' id='word_1_183' title='bbox 1045 2638 1078 2692; x_wconf 90' lang='lat' dir='ltr'><strong>et</strong></span> <span class='ocrx_word' id='word_1_184' title='bbox 1093 2630 1157 2690; x_wconf 86' lang='lat' dir='ltr'><strong>alte·</strong></span> 
     </span>
     <span class='ocr_line' id='line_1_28' title="bbox 220 2724 1158 2803; baseline -0.006 -17"><span class='ocrx_word' id='word_1_185' title='bbox 220 2745 258 2788; x_wconf 91' lang='lat' dir='ltr'><strong>ra</strong></span> <span class='ocrx_word' id='word_1_186' title='bbox 279 2726 347 2788; x_wconf 88' lang='lat' dir='ltr'><strong>vice</strong></span> <span class='ocrx_word' id='word_1_187' title='bbox 368 2726 543 2800; x_wconf 86' lang='lat' dir='ltr'><strong>detulistis,</strong></span> <span class='ocrx_word' id='word_1_188' title='bbox 569 2727 688 2803; x_wconf 92' lang='lat' dir='ltr'><strong>liquido</strong></span> <span class='ocrx_word' id='word_1_189' title='bbox 714 2729 824 2803; x_wconf 83' lang='lat' dir='ltr'><strong>patet,</strong></span> <span class='ocrx_word' id='word_1_190' title='bbox 848 2725 921 2786; x_wconf 91' lang='lat' dir='ltr'><strong>illas</strong></span> <span class='ocrx_word' id='word_1_191' title='bbox 942 2726 1029 2786; x_wconf 88' lang='lat' dir='ltr'><strong>inter</strong></span> <span class='ocrx_word' id='word_1_192' title='bbox 1049 2724 1158 2786; x_wconf 67' lang='lat' dir='ltr'><strong>inculte</strong></span> 
     </span>
     <span class='ocr_line' id='line_1_29' title="bbox 221 2818 1156 2896; baseline -0.01 -16"><span class='ocrx_word' id='word_1_193' title='bbox 221 2824 282 2893; x_wconf 87' lang='lat' dir='ltr'><strong>tes,</strong></span> <span class='ocrx_word' id='word_1_194' title='bbox 298 2837 376 2896; x_wconf 86' lang='lat' dir='ltr'><strong>quae</strong></span> <span class='ocrx_word' id='word_1_195' title='bbox 396 2818 520 2878; x_wconf 87' lang='lat' dir='ltr'><strong>indulto</strong></span> <span class='ocrx_word' id='word_1_196' title='bbox 535 2819 674 2894; x_wconf 86' lang='lat' dir='ltr'><strong>generali</strong></span> <span class='ocrx_word' id='word_1_197' title='bbox 697 2818 910 2890; x_wconf 89' lang='lat' dir='ltr'><strong>continentur,</strong></span> <span class='ocrx_word' id='word_1_198' title='bbox 927 2819 1156 2894; x_wconf 83' lang='lat' dir='ltr'><strong>comprehensum</strong></span> 
     </span>
     <span class='ocr_line' id='line_1_30' title="bbox 217 2907 1158 2990; baseline -0.009 -16"><span class='ocrx_word' id='word_1_199' title='bbox 217 2931 278 2990; x_wconf 89' lang='lat' dir='ltr'><strong>per</strong></span> <span class='ocrx_word' id='word_1_200' title='bbox 290 2915 355 2976; x_wconf 90' lang='lat' dir='ltr'><strong>Nos</strong></span> <span class='ocrx_word' id='word_1_201' title='bbox 370 2911 498 2972; x_wconf 86' lang='lat' dir='ltr'><strong>minime</strong></span> <span class='ocrx_word' id='word_1_202' title='bbox 513 2910 608 2972; x_wconf 88' lang='lat' dir='ltr'><strong>fuisse</strong></span> <span class='ocrx_word' id='word_1_203' title='bbox 629 2910 814 2972; x_wconf 86' lang='lat' dir='ltr'><strong>fucultatem</strong></span> <span class='ocrx_word' id='word_1_204' title='bbox 829 2911 1011 2972; x_wconf 85' lang='lat' dir='ltr'><strong>absolvendi</strong></span> <span class='ocrx_word' id='word_1_205' title='bbox 1025 2907 1158 2970; x_wconf 78' lang='lat' dir='ltr'><strong>Ecclesia·</strong></span> 
     </span>
     <span class='ocr_line' id='line_1_31' title="bbox 221 3000 1159 3080; baseline -0.011 -14"><span class='ocrx_word' id='word_1_206' title='bbox 221 3007 317 3067; x_wconf 86' lang='lat' dir='ltr'><strong>sticos</strong></span> <span class='ocrx_word' id='word_1_207' title='bbox 337 3005 488 3067; x_wconf 86' lang='lat' dir='ltr'><strong>intrusos.</strong></span> <span class='ocrx_word' id='word_1_208' title='bbox 504 3004 600 3066; x_wconf 74' lang='lat' dir='ltr'><strong>(iuius</strong></span> <span class='ocrx_word' id='word_1_209' title='bbox 622 3005 744 3080; x_wconf 85' lang='lat' dir='ltr'><strong>quidem</strong></span> <span class='ocrx_word' id='word_1_210' title='bbox 759 3004 920 3064; x_wconf 84' lang='lat' dir='ltr'><strong>facultatis</strong></span> <span class='ocrx_word' id='word_1_211' title='bbox 935 3004 1057 3064; x_wconf 89' lang='lat' dir='ltr'><strong>omissio</strong></span> <span class='ocrx_word' id='word_1_212' title='bbox 1070 3019 1103 3061; x_wconf 84' lang='lat' dir='ltr'><strong>ex</strong></span> <span class='ocrx_word' id='word_1_213' title='bbox 1114 3000 1159 3058; x_wconf 89' lang='lat' dir='ltr'><strong>ob·</strong></span> 
     </span>
    </p>
   </div>
   <div class='ocr_carea' id='block_1_7' title="bbox 220 3095 1158 3182">
    <p class='ocr_par' dir='ltr' id='par_1_10' title="bbox 220 3095 1158 3182">
     <span class='ocr_line' id='line_1_32' title="bbox 220 3095 1158 3182; baseline -0.013 -16"><span class='ocrx_word' id='word_1_214' title='bbox 220 3105 338 3166; x_wconf 85' lang='lat' dir='ltr'><strong>livione</strong></span> <span class='ocrx_word' id='word_1_215' title='bbox 359 3102 515 3182; x_wconf 87' lang='lat' dir='ltr'><strong>proticisci</strong></span> <span class='ocrx_word' id='word_1_216' title='bbox 535 3121 596 3162; x_wconf 90' lang='lat' dir='ltr'><strong>non</strong></span> <span class='ocrx_word' id='word_1_217' title='bbox 619 3104 747 3180; x_wconf 89' lang='lat' dir='ltr'><strong>potuit;</strong></span> <span class='ocrx_word' id='word_1_218' title='bbox 770 3105 843 3163; x_wconf 90' lang='lat' dir='ltr'><strong>dum</strong></span> <span class='ocrx_word' id='word_1_219' title='bbox 870 3102 952 3162; x_wconf 89' lang='lat' dir='ltr'><strong>enim</strong></span> <span class='ocrx_word' id='word_1_220' title='bbox 973 3099 1092 3164; x_wconf 88' lang='lat' dir='ltr'><strong>Nostris</strong></span> <span class='ocrx_word' id='word_1_221' title='bbox 1114 3095 1158 3154; x_wconf 89' lang='lat' dir='ltr'><strong>ob-</strong></span> 
     </span>
    </p>
   </div>
   <div class='ocr_carea' id='block_1_8' title="bbox 119 3189 1159 3274">
    <p class='ocr_par' dir='ltr' id='par_1_11' title="bbox 119 3189 1159 3274">
     <span class='ocr_line' id='line_1_33' title="bbox 119 3189 1159 3274; baseline -0.013 -16"><span class='ocrx_word' id='word_1_222' title='bbox 119 3205 121 3210; x_wconf 79' lang='grc'>’</span> <span class='ocrx_word' id='word_1_223' title='bbox 221 3204 428 3258; x_wconf 82' lang='lat' dir='ltr'><strong>versarentur</strong></span> <span class='ocrx_word' id='word_1_224' title='bbox 441 3197 540 3257; x_wconf 88' lang='lat' dir='ltr'><strong>oculis</strong></span> <span class='ocrx_word' id='word_1_225' title='bbox 554 3197 742 3274; x_wconf 90' lang='lat' dir='ltr'><strong>apostolicae</strong></span> <span class='ocrx_word' id='word_1_226' title='bbox 756 3197 892 3269; x_wconf 79' lang='lat' dir='ltr'><strong>Nostrae</strong></span> <span class='ocrx_word' id='word_1_227' title='bbox 915 3195 1043 3256; x_wconf 84' lang='lat' dir='ltr'><strong>litterae</strong></span> <span class='ocrx_word' id='word_1_228' title='bbox 1063 3191 1113 3252; x_wconf 87' lang='lat' dir='ltr'><strong>diei</strong></span> <span class='ocrx_word' id='word_1_229' title='bbox 1125 3189 1159 3246; x_wconf 90' lang='grc'>13</span> 
     </span>
    </p>
   </div>
   <div class='ocr_carea' id='block_1_9' title="bbox 194 3289 1157 3553">
    <p class='ocr_par' dir='ltr' id='par_1_12' title="bbox 194 3289 1157 3553">
     <span class='ocr_line' id='line_1_34' title="bbox 221 3289 1157 3367; baseline -0.011 -16"><span class='ocrx_word' id='word_1_230' title='bbox 221 3289 341 3366; x_wconf 79' lang='lat' dir='ltr'><strong>Aprilis</strong></span> <span class='ocrx_word' id='word_1_231' title='bbox 361 3290 432 3350; x_wconf 87' lang='lat' dir='ltr'><strong>anni</strong></span> <span class='ocrx_word' id='word_1_232' title='bbox 457 3290 546 3365; x_wconf 83' lang='grc'>1791,</span> <span class='ocrx_word' id='word_1_233' title='bbox 569 3291 600 3355; x_wconf 88' lang='lat' dir='ltr'><strong>in</strong></span> <span class='ocrx_word' id='word_1_234' title='bbox 622 3289 733 3367; x_wconf 90' lang='lat' dir='ltr'><strong>quibus</strong></span> <span class='ocrx_word' id='word_1_235' title='bbox 756 3307 815 3348; x_wconf 94' lang='lat' dir='ltr'><strong>uon</strong></span> <span class='ocrx_word' id='word_1_236' title='bbox 837 3291 962 3350; x_wconf 81' lang='lat' dir='ltr'><strong>tantum</strong></span> <span class='ocrx_word' id='word_1_237' title='bbox 984 3289 1157 3348; x_wconf 78' lang='lat' dir='ltr'><strong>fiebatmcn-</strong></span> 
     </span>
     <span class='ocr_line' id='line_1_35' title="bbox 222 3372 1154 3462; baseline -0.011 -18"><span class='ocrx_word' id='word_1_238' title='bbox 222 3383 268 3444; x_wconf 93' lang='lat' dir='ltr'><strong>tio</strong></span> <span class='ocrx_word' id='word_1_239' title='bbox 290 3383 327 3442; x_wconf 89' lang='lat' dir='ltr'><strong>de</strong></span> <span class='ocrx_word' id='word_1_240' title='bbox 348 3383 479 3444; x_wconf 87' lang='lat' dir='ltr'><strong>crimine</strong></span> <span class='ocrx_word' id='word_1_241' title='bbox 499 3383 646 3462; x_wconf 85' lang='lat' dir='ltr'><strong>praestiti</strong></span> <span class='ocrx_word' id='word_1_242' title='bbox 667 3382 760 3442; x_wconf 81' lang='lat' dir='ltr'><strong>cirici</strong></span> <span class='ocrx_word' id='word_1_243' title='bbox 783 3382 984 3456; x_wconf 84' lang='lat' dir='ltr'><strong>sacramenti,</strong></span> <span class='ocrx_word' id='word_1_244' title='bbox 997 3383 1046 3442; x_wconf 88' lang='lat' dir='ltr'><strong>sed</strong></span> <span class='ocrx_word' id='word_1_245' title='bbox 1060 3372 1154 3438; x_wconf 82' lang='lat' dir='ltr'><strong>deulio</strong></span> 
     </span>
     <span class='ocr_line' id='line_1_36' title="bbox 194 3467 1153 3553; baseline -0.009 -15"><span class='ocrx_word' id='word_1_246' title='bbox 194 3498 196 3502; x_wconf 55' lang='lat'><strong><em>¹</em></strong></span> <span class='ocrx_word' id='word_1_247' title='bbox 222 3476 320 3538; x_wconf 85' lang='lat' dir='ltr'><strong>etiam</strong></span> <span class='ocrx_word' id='word_1_248' title='bbox 340 3476 471 3538; x_wconf 88' lang='lat' dir='ltr'><strong>crimine</strong></span> <span class='ocrx_word' id='word_1_249' title='bbox 493 3495 593 3538; x_wconf 87' lang='lat' dir='ltr'><strong>sermo</strong></span> <span class='ocrx_word' id='word_1_250' title='bbox 616 3477 808 3550; x_wconf 84' lang='lat' dir='ltr'><strong>habebatur,</strong></span> <span class='ocrx_word' id='word_1_251' title='bbox 830 3495 890 3553; x_wconf 88' lang='lat' dir='ltr'><strong>quo</strong></span> <span class='ocrx_word' id='word_1_252' title='bbox 911 3494 978 3536; x_wconf 86' lang='lat' dir='ltr'><strong>sese</strong></span> <span class='ocrx_word' id='word_1_253' title='bbox 999 3467 1153 3553; x_wconf 82' lang='lat' dir='ltr'><strong>polluerunt</strong></span> 
     </span>
    </p>
   </div>
   <div class='ocr_carea' id='block_1_10' title="bbox 0 0 1193 4198">
    <p class='ocr_par' dir='ltr' id='par_1_13' title="bbox 0 0 1193 4198">
     <span class='ocr_line' id='line_1_37' title="bbox 0 0 1193 4198; baseline 0 0"><span class='ocrx_word' id='word_1_254' title='bbox 0 0 1193 4198; x_wconf 95' lang='lat' dir='ltr'><strong> </strong></span> 
     </span>
    </p>
   </div>
  </div>
 </body>
</html>
