2492 4202
8 271 176 344 'fecimus
200 285 239 344 ad
261 287 292 344 te
314 284 493 362 dirigimus,
515 283 706 344 venerabilis
727 281 840 360 frater,
863 298 925 341 una
941 298 1011 342 cum

28 377 123 437 hisce
140 376 285 451 Nostris,
301 395 336 437 ac
351 377 443 454 plura
463 376 590 438 illarum
612 377 757 454 exempla
778 375 851 448 tibi,
866 375 1012 452 quamad-

29 472 168 532 modum
184 471 259 532 aliis
271 472 304 531 in
327 471 432 533 Gallia
452 472 665 549 metropolitis
678 471 796 533 deferri
816 473 1010 544 mandamus3

29 583 94 641 quo
110 568 229 625 eadem
251 566 373 643 possint
393 570 502 626 vestra
523 583 617 645 opera
638 566 767 627 diffundi
783 583 840 643 per
861 565 1013 642 suffraga-

31 676 132 733 neos,
158 660 350 719 dioecesium
373 659 668 734 administratores,
684 659 842 738 capitula,
859 661 1013 718 ceterum·

32 773 92 830 que
116 753 247 814 clerum
269 754 416 832 cuiusque
437 753 596 828 dioecesis3
611 754 689 831 quod
711 755 776 816 Nos
798 753 858 830 ipsi
879 743 1011 829 q'uoque,

33 851 199 923 quantum
223 848 254 907 in
276 849 374 911 Nobis
395 851 456 923 est,
475 848 666 921 curabimus,
682 851 718 907 ut
738 851 772 908 at
792 864 849 923 per
870 845 949 905 alias
963 863 1013 906 ra·

34 941 152 1018 giones
180 940 305 1018 gallicis
326 943 440 1003 finibus
467 941 696 1015 conterminas,
721 959 756 1002 ac
778 939 890 1016 ubique
910 937 1013 1016 publi·

34 1039 168 1094 centur.
187 1035 276 1095 Certi
297 1035 389 1112 plane
410 1054 516 1096 sumus
537 1041 569 1097 te
590 1035 641 1094 hic
661 1034 758 1094 etiam
779 1031 943 1111 praeclara
957 1033 1013 1092 tua

34 1128 65 1188 in
89 1127 290 1204 religionem
312 1130 417 1190 studia
437 1148 504 1189 esse
525 1130 806 1200 confirmaturum,
830 1129 1012 1201 certumque

35 1222 182 1281 invicem
208 1226 239 1281 te
261 1222 391 1282 facimus
413 1225 451 1282 da
472 1228 604 1300 paterna
625 1221 742 1283 eximia
762 1219 934 1290 charitate,
951 1235 1013 1294 qua

34 1313 247 1374 fraternitati
267 1321 352 1387 tuae,
367 1317 603 1393 commissisque
618 1319 691 1376 tuae
706 1315 779 1375 fidei
800 1311 924 1390 populis
938 1329 1013 1388 epo-

36 1407 190 1466 stolieam
212 1407 458 1469 benedictionem
480 1410 694 1470 amantissime
713 1407 951 1486 impertimur.)

96 1503 275 1573 Datum...,
301 1505 337 1561 ut
364 1519 469 1578 supra.
759 1511 762 1518 '

434 1659 620 1718 laxvlll.

361 1781 555 1825 vanaasamr
576 1781 696 1825 sanum

413 1907 642 1968 CAROLO

282 2055 530 2132 archiepiscopo
552 2055 777 2116 avenionensi

225 2192 260 2268 P
288 2191 304 2267 Ι
331 2192 371 2272 U
400 2191 426 2270 S
484 2191 518 2268 P
545 2192 580 2268 Α
606 2193 640 2269 Ρ
667 2192 702 2268 Α
756 2190 823 2269 VI.

165 2368 253 2424 Van.
264 2369 401 2439 Frater,
423 2369 575 2427 Salutem
597 2373 633 2426 et
652 2368 889 2438 apostolicam

376 2463 672 2522 Benedictionem.

102 2616 182 2676 Cum
204 2613 242 2672 ob
262 2611 405 2674 Litteras
425 2615 559 2676 Nostros
580 2615 629 2673 die
646 2615 684 2676 19
705 2615 871 2692 praeteriti
893 2613 1009 2675 mensis

40 2709 155 2771 Martii
178 2711 267 2768 datas
287 2710 325 2768 ad
348 2710 381 2768 S.
399 2712 437 2769 R.
456 2709 491 2769 E.
508 2709 711 2782 cardinales,
733 2709 1006 2786 archiepiscopos,

39 2805 218 2881 episcopos,
234 2802 372 2878 aliosque
387 2821 403 2862 e
424 2803 510 2862 clero
525 2804 699 2881 populoque
714 2802 803 2880 regni
818 2803 1006 2875 Galliarum,

39 2897 189 2956 nonnihil
210 2895 418 2956 dubitationis
438 2897 471 2956 in
494 2898 550 2958 illo
579 2899 664 2970 clero
691 2902 838 2958 exortum
861 2897 905 2957 sit
924 2897 1009 2956 circa

40 2991 164 3051 limites
184 2989 371 3050 facultatum
393 2991 576 3052 absolvendi
598 2993 755 3066 intrusos,
778 2991 871 3068 idque
892 2993 929 3051 ad
944 2993 1009 3053 Noa

40 3084 197 3156 delatum,
214 3082 369 3142 voluimus
391 3101 487 3142 novas
516 3086 553 3144 ad
576 3088 701 3144 eosdem
722 3085 916 3145 conscribere
936 3083 1009 3145 Lit-

41 3179 153 3248 teras,
182 3175 292 3251 quibus
319 3193 467 3252 expressa
488 3178 626 3237 Nostrae
654 3179 769 3238 mentis
795 3177 1009 3238 declaratione

42 3269 213 3346 ampliores
234 3268 363 3327 fecimus
378 3267 549 3328 facultates
570 3269 647 3345 ipsis
661 3288 820 3330 concessas
840 3273 879 3332 ad
901 3270 1010 3331 absol-

41 3361 162 3420 vendos
181 3359 277 3418 etiam
299 3359 535 3420 Ecclesiasticos
557 3360 683 3418 secundi
704 3361 824 3420 ordinis
845 3361 1008 3436 intrusos,

43 3455 94 3514 aad
118 3451 216 3512 certis
237 3453 275 3512 ad
298 3451 328 3510 id
350 3453 452 3530 ipsum
473 3451 643 3531 propositis
665 3454 794 3514 normis.
817 3455 859 3516 Et
881 3458 918 3517 ut
938 3455 1011 3517 Lit-
