2456 4192
23 293 136 352 crimen
166 291 371 352 adducentis.
397 290 502 352 Testis
522 291 591 368 Ipse
611 307 760 368 praesens
785 308 818 350 es
842 290 993 370 gravissi·

22 403 138 448 marum
150 385 443 463 perturbationum,
457 387 569 465 quibus
579 386 725 448 involuta
735 405 771 449 ac
785 405 863 465 pene
878 389 993 452 obruta

23 482 77 542 luit
97 497 275 558 paucorum
298 481 451 542 mensium
472 482 575 559 spatio
598 481 713 542 civitae
732 480 814 554 ista,
830 481 992 561 ipsumque

24 576 208 636 universum
228 576 388 652 Regnum3
403 577 527 653 Nosque
547 575 628 638 talia
647 575 822 650 audientes,
838 593 876 636 ne
892 575 992 654 magis

25 671 212 732 inniteretur
241 671 330 731 furor
358 674 545 742 auctorum,
569 669 675 747 potius
704 670 871 730 tacendum
892 669 991 731 Nobis

31 768 91 824 tunc
119 763 402 840 existimavimus,
428 783 464 826 ac
485 764 616 825 interim
637 762 772 842 publicis
794 763 992 841 privatisque
1081 809 1086 820 .

30 857 164 932 precibus
187 858 226 918 ad
246 857 414 919 Dominum
436 858 626 935 confugere,
647 858 686 917 ab
709 859 815 935 quue
838 855 994 934 tranquil-

28 948 169 1025 litatem,
200 955 385 1030 rectumque
414 951 545 1013 Gallicis
577 952 671 1012 rebus
702 951 844 1011 ordinem
878 949 993 1027 implo-

27 1061 102 1104 rare.
119 1046 241 1106 Verum
261 1062 344 1105 nnnc
365 1062 435 1106 oum
463 1063 516 1106 eas
537 1044 795 1122 perturbationes
823 1046 905 1122 apud
926 1044 992 1126 Vos

28 1136 96 1197 adeo
119 1137 310 1214 processisse
332 1137 505 1213 videamus,
523 1142 559 1200 ut
581 1138 702 1199 ludices
722 1138 814 1215 plane
838 1136 994 1214 incompe·

28 1234 127 1292 tentes
146 1230 248 1293 veriti
269 1250 330 1292 non
353 1231 416 1292 sint
437 1249 547 1320 manns
569 1249 640 1292 suas
669 1232 706 1292 ad
728 1228 992 1308 Propitiatorium

29 1326 205 1399 extendere,
229 1344 291 1385 non
312 1344 474 1404 possumus
495 1325 631 1404 amplius
653 1324 815 1385 continere
829 1324 992 1384 silentium

30 1421 125 1491 illud,
148 1437 205 1479 nec
234 1418 266 1478 in
289 1419 406 1480 liberas
433 1418 617 1496 debitasque
642 1438 662 1481 a
687 1418 784 1481 Nobis
812 1436 905 1479 voces
929 1436 999 1483 nou

36 1529 242 1592 prorumpere.

94 1607 166 1674 Quae
188 1623 292 1684 nuper
312 1610 502 1669 emanarunt
520 1607 559 1668 ab
572 1607 636 1669 isto
649 1605 813 1670 Nationali
828 1607 990 1668 Gonventu

41 1702 157 1761 Decreta
177 1700 334 1761 eiusmodi
354 1706 450 1775 sunt,
473 1704 510 1762 ut
531 1702 623 1778 plane
647 1700 859 1760 adversentur
880 1699 994 1760 (latho-

37 1794 108 1854 licae
124 1792 283 1854 Ecclesiae
304 1793 452 1868 Unitati,
474 1812 511 1856 ac
531 1794 624 1855 istius
644 1793 747 1871 Regni
769 1810 838 1852 cum
860 1794 992 1870 Aposto-

35 1885 90 1944 lica
108 1887 164 1947 hac
186 1887 266 1946 Sede
287 1886 597 1950 communicationem
613 1887 824 1964 disrumpant,
840 1887 867 1945 si
882 1885 993 1945 iisdem

34 1980 174 2058 Rexipse
196 1981 292 2041 Suam
312 1979 484 2058 adiungere
505 1979 673 2041 inducatur
694 1979 911 2053 sanctionem,
936 1996 993 2056 per

37 2091 117 2149 quam
138 2072 262 2133 scilicet
283 2073 477 2135 incideretur
497 2073 528 2134 in
558 2074 718 2146 schisma,
744 2075 874 2149 Rexque
902 2071 993 2134 Obri-

36 2168 257 2241 stianissimas,
277 2167 333 2228 ille
354 2167 505 2228 videlicet
524 2166 683 2230 Ecclesiae
705 2165 937 2247 primogenitus
958 2166 995 2227 fi-

35 2261 106 2333 lius,
128 2261 349 2322 schismaticus
370 2263 540 2334 evaderet,
561 2260 753 2322 schismatici
766 2264 924 2343 Episcopi,
940 2262 995 2342 qui

35 2355 68 2412 ad
87 2353 314 2431 praescriptam
329 2354 525 2414 decretorum
541 2353 673 2413 formam
694 2357 900 2432 crearentur,
916 2374 994 2436 quos

35 2447 91 2508 Nos
117 2447 179 2526 ipsi
201 2451 370 2526 propterea
397 2447 558 2508 declarare
587 2450 624 2507 ut
650 2447 798 2510 Pastores
830 2451 992 2523 intrusos,

41 2540 173 2618 omnique
201 2543 347 2600 carentes
373 2539 598 2601 Ecclesiastico
625 2539 842 2602 iurisdictione
872 2549 996 2603 tenere-

43 2650 108 2694 mur.
131 2637 182 2695 Tu
203 2633 270 2712 ipse
291 2634 464 2712 perspicue,
485 2635 565 2694 Ven.
589 2635 727 2710 Frater,
752 2636 908 2714 agnoscis,
932 2653 993 2694 uon

40 2725 93 2788 alic
110 2746 193 2788 nunc
207 2730 349 2804 spectare
364 2745 399 2788 ac
413 2729 544 2789 tendere
559 2727 781 2790 hodiernorum
796 2731 994 2791 Novatorum

39 2821 182 2897 consilia,
209 2837 300 2898 quam
331 2823 367 2881 ut
392 2819 588 2882 catholicum
615 2822 736 2884 Nomen
765 2822 934 2897 aboleant,
958 2824 995 2882 ut

39 2912 207 2976 incredulos
227 2914 261 2974 in
282 2931 339 2974 sua
360 2913 546 2974 confirment
566 2911 801 2988 incredulitate,
816 2916 913 2991 utque
928 2931 997 2974 cre-

40 3005 137 3068 dentes
157 3008 243 3086 ipsos
267 3009 306 3067 ad
328 3005 584 3068 incredulitatem
613 3008 785 3082 inducant,
808 3007 845 3068 ad
867 3009 927 3068 hoc
948 3007 997 3067 ni-

39 3098 140 3160 mirum
162 3101 329 3179 pulchram
352 3102 573 3177 praetexentes
593 3099 769 3160 Libertatis
790 3118 918 3175 vocem,
941 3101 994 3162 sed

39 3190 148 3271 fugacis
169 3198 266 3272 atque
283 3193 459 3268 instabilis,
476 3195 511 3254 et
523 3193 555 3253 in
571 3211 693 3253 omnem
714 3193 878 3256 licentiam
892 3211 997 3255 erum·

40 3287 142 3359 pehtis.

90 3379 198 3458 Itaque
217 3377 283 3440 Nos
305 3397 498 3457 nequaquam
521 3397 682 3458 possumus
704 3383 769 3441 tam
797 3381 906 3461 pravis
933 3399 995 3440 non

42 3471 191 3534 adversari
211 3470 366 3548 consiliis,
383 3489 575 3551 quacumque
595 3472 742 3549 ratione,
764 3476 829 3536 Deo
851 3476 993 3550 iuventa,
