2364 4198
527 203 530 212 “
630 219 808 277 -274-

232 333 400 410 principes
415 331 454 390 dc
470 326 616 404 l'Eplise,
634 327 672 387 de
686 331 720 386 lo
730 329 862 400 morale,
875 336 907 388 ct
921 329 960 388 de
975 333 1007 389 lo
1018 330 1129 387 raison
1138 347 1180 388 snt

239 428 272 484 la
293 423 508 484 constitution
537 421 643 480 ciuile.
656 420 702 478 dn
723 418 836 496 thrpt
865 421 904 478 de
924 421 1052 481 Franco
1070 439 1133 498 por
1151 424 1179 480 l

238 516 386 594 Eoiqnes
416 515 469 573 oles
490 515 739 590 departentcnts,
768 515 920 574 membres
940 515 978 576 de
1001 512 1179 574 l'Assonbttt

238 610 414 670 Notionnle
435 609 667 666 constitua-nte.
685 606 716 664 A
736 605 1094 680 Poris1791,adiecta
1113 608 1142 666 in
1163 634 1166 659 ι

221 691 280 762 ‘ne
302 702 439 761 eiusdem
462 699 595 776 improbi
616 700 738 776 operis,
760 703 800 760 ad
821 701 952 777 populos
972 701 1101 768 facilius
1119 701 1180 760 deoi-

241 787 380 874 piendos‚
397 793 551 858 ementita
571 793 703 868 quadam
725 793 872 868 epistola,
888 793 1018 870 perinde
1040 813 1078 855 ac
1098 794 1123 855 si
1142 795 1151 852 i
1173 836 1175 843 ,

239 892 278 950 ad
298 891 364 950 Nos
385 887 482 946 misse
502 885 624 945 fuisset.
641 885 700 944 Sed
718 887 756 944 ad
778 885 927 945 bonorum
950 887 1179 958 instructionem,

238 997 406 1058 eorumque
431 977 624 1039 solidandam
646 980 937 1054 perseverantiam,
962 1000 1024 1040 non
1051 982 1180 1041 deerimus

239 1075 415 1153 exprimere
435 1071 586 1148 pestilens
601 1070 701 1144 virus,
717 1073 796 1148 quod
812 1072 945 1149 undique
960 1091 1002 1132 ex
1018 1092 1119 1150 pravo
1131 1092 1169 1132 so·-

184 1218 202 1233 κ
239 1187 273 1229 re
295 1169 431 1228 emanat.
545 1201 547 1204 -

298 1263 425 1321 Interea
446 1257 623 1334 praeterire
648 1275 708 1316 non
732 1274 893 1333 possumus
915 1259 1086 1335 duplicem
1111 1265 1177 1339 folle·

188 1347 190 1352 ’
238 1356 334 1424 ciant,
351 1369 441 1429 quam
464 1350 600 1427 episcopi
622 1349 740 1410 intrusi
754 1352 907 1429 evulgant
920 1351 1086 1430 intrepide
1107 1357 1172 1414 atre·

239 1447 408 1506 trahendos
439 1444 568 1520 populos
600 1445 639 1502 ab
661 1443 838 1504 obedientia
866 1447 1056 1522 apostolicis
1085 1445 1172 1510 Nostia

238 1537 461 1598 monitionibus
475 1535 592 1609 debita,
607 1553 738 1613 quarum
755 1555 954 1615 unaquaeque
968 1544 1020 1600 est
1037 1541 1176 1602 alterato·

238 1632 349 1692 terior.
376 1628 524 1690 Pertinet
545 1632 657 1706 prima
686 1631 723 1689 ad
746 1634 892 1708 negatam
923 1635 1178 1694 authenticitatem

237 1727 426 1794 Nostrarum
449 1723 650 1783 litterarum:
667 1723 844 1782 huiusmodi
865 1729 970 1784 autem
994 1731 1179 1788 commentum

238 1817 338 1895 magis
359 1835 530 1894 congruum
546 1833 612 1876 esse
629 1834 687 1874 non
702 1819 822 1892 potest,
838 1819 992 1896 planeque
1007 1817 1177 1882 consentio

237 1911 300 1985 illi,
315 1930 355 1971 ex
376 1929 434 1987 quo
456 1910 543 1969 fonte
565 1909 727 1987 profluxit.
745 1911 811 1976 Qua
831 1912 914 1970 enim
934 1913 1016 1974 bona
1040 1916 1102 1974 fide
1121 1911 1174 1972 du'

237 2004 302 2064 tari
328 2007 431 2080 potest
455 2005 493 2062 de
519 2005 709 2066 Nostrarum
739 2003 922 2064 litterarum
944 2007 1110 2081 veritate,
1129 2021 1180 2083 quet

237 2099 358 2159 Nostra
387 2107 479 2156 manu
513 2097 695 2175 obsignatae
724 2099 763 2156 ad
795 2099 1062 2175 metropolitanos
1091 2099 1178 2161 Galia

237 2190 350 2250 missae
373 2193 458 2262 sunt,
475 2208 614 2268 quaeque
627 2191 714 2251 iussu
734 2192 853 2252 Nostro
869 2193 956 2270 typis
970 2197 1124 2255 Romanis
1139 2191 1177 2251 edi·

238 2286 301 2357 tae,
318 2300 377 2342 non
400 2301 456 2359 per
477 2300 610 2359 regnum
625 2281 747 2342 Galliae
768 2284 869 2356 modo,
886 2285 937 2342 sed
960 2303 1018 2360 per
1042 2294 1171 2346 omnent·

238 2376 301 2436 iam
323 2375 473 2436 catholici
496 2374 582 2434 orbis
603 2378 711 2451 partes
733 2374 935 2435 circumlatae
957 2380 1048 2452 sunt,
1067 2398 1105 2439 ea
1121 2389 1168 2454 por·

240 2488 291 2531 sus
314 2457 458 2542 ratione,
480 2486 542 2544 qua
563 2469 600 2526 de
625 2467 709 2526 hisce
730 2467 857 2528 Nostris
878 2467 1000 2528 litteris
1022 2471 1109 2532 fiett
1125 2471 1171 2536 Quo·

239 2563 331 2623 modo
352 2561 454 2639 igitur
475 2560 689 2638 apocryphum
704 2559 765 2619 dici
786 2562 893 2636 potest
914 2557 1177 2623 mouumentumil·

237 2657 304 2730 lud,
320 2657 399 2733 quod
420 2656 572 2716 Nostrum
594 2655 662 2726 est,
681 2654 761 2730 quod
785 2654 872 2713 unice
895 2653 1040 2715 dimanat
1064 2652 1176 2716 aNobin

236 2750 377 2826 quodque
400 2750 491 2808 tauta
505 2746 705 2806 solemnitate
720 2747 898 2823 vulgatum,
915 2748 1041 2807 nullum
1056 2743 1170 2823 ambig'

240 2842 302 2902 tati
317 2840 472 2917 relinquit
485 2840 600 2911 locum,
615 2842 695 2915 quod
711 2839 841 2917 denique
857 2840 921 2899 tale
943 2844 1005 2914 est,
1022 2846 1063 2903 ut
1077 2842 1181 2920 quili··

237 2935 317 2995 illud
330 2933 418 2993 facili
430 2932 556 3010 negotio
570 2925 749 3010 distinguat
763 2934 801 2992 ab
816 2932 887 2993 eliis
906 2935 1070 3012 corruptis
1085 2940 1117 2996 et

238 3027 395 3087 mentitiis
413 3025 641 3100 monumentis,
657 3045 734 3102 quae
749 3025 929 3086 retractarii
943 3028 1064 3088 Nostro
1087 3026 1181 3087 noui¹

238 3120 289 3180 edi
303 3123 457 3180 curarunt
471 3117 503 3178 in
518 3119 633 3195 vulgus
647 3137 706 3177 non
722 3118 788 3178 sine
802 3137 922 3180 summa
935 3120 1083 3197 audacia,
1096 3140 1130 3181 ao
1146 3144 1158 3171 ιι

238 3212 355 3298 nilesta
369 3212 527 3273 calumnie
541 3213 577 3272 ad
595 3213 850 3290 approbationem
872 3213 1105 3276 conciliandam
1119 3215 1143 3273 ci
1174 3248 1175 3251 =

239 3427 347 3487 »scopis
367 3428 536 3477 Partitionum
559 3430 654 3490 (uulgo
671 3429 904 3493 Dtpnrtements),
922 3418 1040 3481 Membris
1059 3437 1115 3485 con
1146 3450 1168 3471 ··¹

239 3522 252 3544 n
262 3503 405 3554 detonans
421 3507 605 3556 constituentis.
622 3508 736 3556 Lutetiae
748 3510 905 3558 Parisiormu
920 3512 1005 3559 met.»
