2514 4198
424 216 606 277 -129-

28 342 99 384 rum
114 325 243 382 secutos
257 320 445 399 exemplum,
458 321 585 381 minime
601 321 715 382 mirum
731 321 895 384 Maiesteti
909 325 996 384 Tune

30 417 134 477 videri
156 415 301 490 debebit,
325 414 352 475 si
380 417 445 478 Nos
468 413 566 474 officio
586 417 705 478 Nostro
727 417 851 492 coacti,
874 419 995 496 quaudo

31 511 89 588 ipsi
104 512 226 570 lactum
242 510 298 570 hoc
319 527 408 569 suum
423 509 546 587 publice
563 528 621 572 uon
638 511 900 585 retractaverint,
915 509 994 572 illud

33 611 184 669 adversus
207 607 328 668 eosdem
350 609 519 686 egerimus,
542 610 623 686 quod
640 608 797 669 similibus
819 610 851 669 iu
873 609 996 669 casibus
1060 638 1063 646 1

34 726 86 784 pro
108 723 164 767 sno
188 723 316 765 munere
337 709 472 783 egerunt
492 707 750 766 praedecessores
770 706 891 768 Nostri.

88 801 158 862 Nou
175 797 302 857 debebit
323 797 423 875 igitur
438 798 587 858 Maiestas
602 800 670 859 Tua
684 799 828 859 oblivisci
844 818 913 860 cum
929 799 992 860 dis·

36 893 195 964 criminis,
218 892 296 968 quod
318 890 488 952 intercedit
516 891 603 952 iuter
624 892 817 969 temporale,
838 910 873 954 ac
895 892 993 952 eecle-

37 986 194 1047 siasticum
211 983 363 1061 regimen,
379 988 446 1045 tum
460 984 570 1045 moniti
584 985 616 1044 S.
633 984 736 1058 Aviti,
748 1002 784 1044 ae
797 983 878 1044 iuris
889 984 997 1046 iuran-

39 1080 64 1139 di
83 1080 164 1153 Tui,
190 1079 272 1155 qnod
301 1079 518 1140 coronationis
547 1083 687 1155 tempore
719 1077 869 1151 edidisti3
893 1081 929 1137 ut
948 1076 996 1160 ita

41 1188 201 1249 numquam
223 1169 430 1244 contradicas,
447 1174 541 1248 atque
562 1173 729 1233 adversere
751 1170 893 1244 muneri,
915 1173 992 1247 quod

42 1266 167 1325 sustines
189 1265 377 1324 Monarchae
401 1265 676 1339 christianissimi,
698 1265 817 1343 filiique
839 1264 995 1325 Ecclesiae

42 1356 250 1436 primogeniti,
265 1375 394 1435 eumque
409 1357 440 1417 in
457 1359 583 1419 modum
597 1357 814 1436 consequaris,
831 1363 864 1418 et
878 1377 896 1419 a
910 1360 996 1437 Rege

43 1454 151 1530 Regum
175 1451 347 1528 praesidia,
363 1457 396 1512 ot
416 1452 455 1512 ab
477 1452 624 1513 universa
638 1452 795 1527 Ecclesia,
818 1453 993 1531 Sanctaque

48 1546 216 1622 Apostolieo
237 1545 316 1605 Sede
338 1547 604 1623 approbationem.

96 1641 129 1700 lli
143 1637 258 1702 Nostri
280 1641 354 1700 snut
367 1641 493 1716 paterni
509 1658 616 1700 sensus
631 1657 707 1717 erge
720 1638 919 1699 Maiestatem
934 1641 997 1699 Tu·

52 1747 99 1804 am,
112 1747 294 1807 omnemque
316 1734 490 1809 Augustam
506 1729 687 1806 Familiam,
702 1731 814 1809 quibus
836 1730 997 1808 Apostoli·

49 1841 101 1884 mm
115 1823 370 1886 Benedictioucm
387 1842 426 1885 ex
437 1825 549 1885 intimo
561 1827 653 1885 corde
668 1827 881 1903 depromptam
894 1843 998 1885 amau·

47 1918 153 1978 tissime
175 1917 389 1995 impertimur.

95 2015 206 2073 Datum
230 2013 348 2072 Romae
368 2013 447 2089 apud
470 2012 504 2072 S.
520 2013 651 2072 Petrum
666 2011 722 2072 sub
743 2011 869 2072 Annulo
890 2010 995 2071 Pisca-

47 2111 133 2184 toris,
152 2111 204 2171 die
231 2111 272 2169 X.
297 2108 406 2169 Martii
435 2110 624 2172 MDOOXGI.
650 2109 857 2171 Pontificatus
884 2108 994 2171 Nostri
1114 2197 1116 2201 Ι

48 2206 124 2264 luno
145 2205 252 2264 XVII.
307 2205 309 2208 ’

643 2281 839 2345 Benedictus
859 2283 952 2360 stay.

450 2415 584 2475 ull.

400 2535 529 2578 uruncro
550 2536 632 2578 usuro

273 2651 483 2712 IOANNI
527 2651 761 2711 GUEGAN

315 2784 447 2846 Rectori
480 2783 519 2843 de
553 2783 713 2859 Pontioyi

245 2919 416 3002 PIUS
479 2916 672 2997 PAPA
725 2915 793 2994 VI.

154 3082 291 3143 Dilecta
311 3082 394 3152 Fili,
417 3081 622 3141 salutemet
651 3077 880 3148 apostolicum
1006 3153 1010 3169 Ι

373 3177 666 3235 benedictionem.

100 3323 186 3382 Haud
202 3336 363 3380 moramur
384 3318 495 3380 statim
511 3318 588 3378 Tuis
610 3318 785 3379 rescribere
799 3318 935 3381 Litteris
951 3318 1000 3380 die

53 3411 82 3474 12
100 3415 191 3476 buius
219 3412 335 3473 mensis
368 3414 406 3474 ad
427 3413 491 3474 Nos
514 3411 616 3486 datis,
639 3413 785 3489 Tuaeqne
812 3413 901 3473 illico
921 3412 1001 3490 peti-

52 3508 117 3570 tioni
139 3511 290 3573 Nostrum
305 3525 487 3584 responsum
511 3507 598 3581 dare,
614 3508 693 3584 qnod
710 3509 801 3567 tanto
823 3507 919 3569 animi
934 3510 1003 3569 stu·

135 3631 192 3683 Vol.
211 3631 238 3682 Ι.
882 3634 897 3680 t)
