2364 4198
606 237 642 251 ..
664 205 725 268 204
747 237 784 252 .-

631 340 758 398 un.

506 489 635 534 Dllallc‘l'o
656 489 738 532 mlo
758 487 880 532 NOSTRO

254 633 458 696 LUDOVICO
470 634 504 694 S.
518 634 559 694 R.
571 632 896 788 ΕἙΒΕΟΞΙξῩᾶΕΚΟ
909 629 1122 694 GARDlNALl

587 729 613 788 D
660 729 690 788 R
746 729 773 786 A

466 886 625 964 Episcopo
646 886 922 963 Argentorateoci

420 1057 590 1138 PIUS
654 1056 847 1135 PAPA
899 1053 969 1132 VI.

147 1219 153 1233 ⁴
215 1297 219 1303 .
267 1247 403 1307 Dilecta
423 1248 494 1308 Fili
506 1249 647 1319 Noster,
663 1249 816 1307 salutem
831 1245 1114 1316 ecaportoncam

545 1345 840 1404 Benedictionem.

273 1532 342 1592 Non
363 1531 554 1593 mediocrem
566 1533 703 1609 cepimus
718 1529 751 1591 iu
767 1531 968 1609 gravissimis
989 1531 1080 1592 curis
1098 1529 1145 1588 sol

215 1642 284 1683 men
297 1625 548 1698 exlitteristuls,
559 1626 673 1685 dilecte
689 1626 753 1685 Fili
768 1627 896 1699 Noster,
906 1642 982 1702 quas
994 1617 1155 1685 die28llail

216 1720 286 1792 post
314 1716 460 1779 redditas·
482 1721 517 1777 et
537 1717 594 1778 tibi
616 1722 650 1778 et
671 1719 993 1795 Argentoratensibus
1018 1712 1172 1777 catholicisn

215 1808 364 1887 epistolas
384 1812 534 1883 Nostrae,
551 1811 773 1888 perscripsisti.
795 1810 907 1888 Pergis
921 1809 953 1868 in
977 1803 1173 1882 iisdem,qnil

216 1922 296 1964 nunc
318 1907 421 1964 slatus
442 1905 486 1964 sit
507 1904 666 1977 dioecesis,
682 1907 715 1964 et
729 1905 886 1965 Ecclesiae
908 1907 982 1963 tuae
1003 1904 1155 1964 declarare
1173 1902 1174 1938 l

215 1994 335 2058 Paucas
349 2015 389 2056 ex
404 1995 468 2056 tuis
490 1999 600 2057 ovibus
621 1998 769 2057 seducere
784 1997 922 2074 potuisse
942 1997 1103 2057 intrusum
1114 1993 1160 2071 epi·

216 2108 342 2169 scopum
363 2091 505 2164 nuncies,
528 2109 596 2150 cum
618 2090 694 2150 illae
717 2109 826 2150 vocem
848 2090 915 2150 eius
936 2097 1176 2166 agnosceremus

215 2183 328 2259 quique
349 2184 540 2258 detrectent,
555 2187 635 2261 quod
658 2183 799 2263 profecto
819 2188 853 2244 et
875 2188 948 2244 tuae
970 2180 1160 2245 sollicitudini

215 2295 251 2337 ac
272 2276 459 2354 vigilantiae
481 2278 668 2352 tribuimus,
691 2283 725 2339 et
746 2283 871 2339 tuorum
894 2278 1112 2355 operariorum
1129 2293 1159 2333 se·

216 2370 345 2431 dulitati
373 2388 409 2430 ac
436 2371 574 2444 virtuti,
601 2391 677 2450 quos
705 2371 791 2432 inter
819 2389 1067 2432 commemorare
1087 2368 1156 2433 Nou

217 2463 382 2541 praecipue
404 2463 535 2525 voluisti
556 2467 629 2526 tuae
651 2465 801 2526 dioecesis
816 2464 977 2526 Vicarlum
999 2465 1160 2542 generalen

215 2557 370 2634 Angelum
388 2558 549 2636 d'Eymar,
564 2559 653 2618 cuius
668 2559 819 2632 animum,
842 2577 877 2619 ac
899 2562 1068 2637 praestans
1084 2559 1114 2618 in
1127 2574 1163 2615 re

216 2669 285 2711 ram
298 2651 474 2712 doctrinam
491 2651 629 2713 studium
645 2654 817 2730 apostolica
828 2671 904 2713 voce
915 2654 1162 2716 commendamus,

216 2745 326 2823 cuique
348 2745 385 2804 de
407 2748 472 2804 tam
493 2745 673 2808 illustribus
693 2747 725 2806 in
747 2748 887 2808 Ecclesia
901 2745 1027 2806 meritis
1048 2761 1166 2807 summo·

216 2854 291 2915 pere
313 2839 524 2916 gratulamur.
540 2839 628 2906 Quod
649 2839 722 2899 dum
743 2840 868 2901 Nostris
889 2839 996 2900 verbis
1018 2838 1120 2899 eidem
1137 2835 1167 2894 si·

216 2934 393 3012 gnificabis,
410 2939 594 3013 gratamque
616 2937 738 3014 pariter
751 2937 902 2998 Nostram
916 2936 1118 2996 voluntatem
1130 2947 1167 2990 oe·

216 3027 296 3087 teris
317 3031 391 3088 tuae
412 3029 582 3104 pastoralis
603 3047 697 3090 curae
718 3030 811 3089 sociis
826 3029 962 3101 releres3
978 3030 1089 3088 eodem
1105 3029 1169 3086 ten·

216 3120 367 3195 pore-tibi
381 3123 515 3182 maxime
537 3140 720 3200 persuasum
735 3141 801 3184 esse
824 3122 982 3194 volumus,
997 3119 1168 3195 intelligere

216 3212 302 3286 Nos,
323 3232 415 3291 quam
438 3220 583 3276 constans
604 3217 670 3292 ipse
692 3217 735 3276 sit
756 3218 794 3276 ad
816 3213 981 3292 religionis
1005 3212 1167 3273 catholicae

217 3307 364 3384 dogmata
391 3326 427 3368 ac
454 3309 526 3370 iura
547 3308 633 3369 inter
654 3327 769 3388 graves
790 3307 1026 3369 adversantium
1047 3307 1170 3366 insecta·

218 3397 318 3460 tiones
332 3399 500 3462 retinenda
513 3420 550 3463 ac
565 3404 693 3477 tuenda,
706 3418 859 3479 quamque
872 3400 1017 3477 exemplo
1030 3403 1097 3471 tuo,
1110 3400 1169 3456 tuo·

217 3511 348 3574 rumque
370 3496 426 3557 sub
448 3499 481 3556 te
502 3501 675 3574 pastorum,
697 3495 798 3573 pietas
819 3493 960 3556 fidelium
981 3491 1086 3554 ilatio
1101 3489 1168 3558 dios,
