2372 4198
619 185 799 244 -336-

204 309 295 366 ⁸rum
319 291 352 350 in
374 292 498 350 fornace
519 292 706 368 probandos,
724 294 759 350 ut
780 307 902 368 percos
916 287 1070 365 impendio
1084 305 1175 364 perso

226 403 338 445 narum
360 389 394 446 et
415 404 520 444 rerum
543 386 700 446 Ecclesiae
721 384 859 458 victoria
886 389 1124 443 consummetur:
1143 381 1173 438 fc·

225 480 303 540 lices
324 484 410 551 sunt,
426 479 537 555 quibus
558 482 664 539 datum
695 485 744 540 est
764 498 820 556 pro
842 475 983 538 aeternis
1007 475 1173 537 transitoria

196 642 200 649 ¹
225 577 431 645 commutare;
447 573 605 632 feliciores
626 578 712 648 sunt,
731 573 784 650 qui
807 580 952 644 mortem,
974 572 1024 630 rel
1046 587 1172 644 corpora·

226 668 273 726 les
295 665 428 724 iniurias
450 672 523 725 suut
545 667 680 742 experti,
696 671 730 727 et
744 665 989 742 impretiabilem
1011 664 1173 740 sanguinem

227 760 346 822 Christi
362 778 417 818 suo
440 757 638 836 corruptibili
657 761 809 838 sanguine
827 760 871 838 (l)
884 763 1125 836 compensarunt
1136 756 1173 833 (Ἴ.

287 855 330 912 At
353 871 409 928 par
430 857 503 924 est,
525 859 562 912 ut
582 855 619 911 ad
643 853 844 930 praecipuum
874 854 1038 911 veniamus
1068 855 1175 910 tuarum

227 947 408 1008 litterarum
432 950 667 1022 argumentum,
690 949 726 1006 ad
752 946 879 1004 dubium
906 945 1042 1015 scilicet,
1059 947 1134 1020 quod
1152 949 1175 1000 tu

227 1041 326 1102 Nobis
348 1041 577 1116 proponendum
601 1046 704 1116 putas,
726 1040 841 1115 absque
864 1057 900 1096 eo
922 1041 1028 1097 tamen
1058 1040 1134 1114 quod
1151 1055 1177 1094 ea

203 1127 205 1132 ’
227 1133 404 1196 dissimules
426 1132 582 1191 rationum
607 1135 777 1202 momenta,
793 1150 871 1208 quae
894 1137 1007 1191 contra
1027 1131 1130 1191 facere
1144 1129 1177 1186 ri·

228 1229 373 1288 deantur.
391 1226 522 1286 Dubium
541 1224 770 1284 huiusmosli'ex
794 1225 929 1284 diversis
958 1225 1106 1301 partibus
1125 1241 1176 1281 con·

228 1327 315 1392 stat,
339 1338 417 1396 quae
439 1337 458 1378 a
478 1319 576 1379 Nobis
601 1337 658 1395 pro
681 1319 831 1395 temporis
853 1322 887 1377 et
907 1335 1014 1377 rerum
1038 1317 1184 1378 varietnlt‘

228 1415 275 1475 ita
288 1414 538 1489 distinguentur,
555 1415 590 1471 ut
606 1412 711 1476 nullus
726 1411 929 1489 ambiguitati
946 1413 989 1472 sit
1001 1413 1105 1484 locus,
1116 1411 1171 1470 alia

145 1543 149 1548 -
227 1509 310 1568 enim
335 1515 440 1584 partes
468 1507 546 1566 illud
577 1507 773 1584 respiciunt,
799 1508 954 1582 quomodo
983 1503 1176 1582 intelligendo

228 1602 293 1661 sint
315 1619 352 1659 ea
372 1599 557 1660 facultatum
575 1600 712 1671 indulta,
729 1618 807 1676 quac
829 1602 894 1661 Nos
916 1599 1009 1657 iuxta
1031 1609 1112 1658 vota
1125 1593 1176 1671 Epi·

228 1713 393 1771 scoporum
408 1694 583 1753 Galliarum
600 1695 705 1752 eadem
729 1693 956 1770 postulantium
972 1692 1177 1760 concessimnq

229 1788 311 1849 aliae
334 1790 369 1846 ad
393 1789 515 1846 modum
530 1787 747 1863 rationemque
773 1786 946 1862 pertinent,
969 1785 1090 1861 quibus
1109 1782 1174 1843 adhi-

228 1881 302 1940 bore
324 1880 380 1939 illa
404 1885 540 1956 optares

202 2041 204 2046 s
291 1974 429 2035 Primum
447 1973 505 2054 sibi
521 1971 663 2032 vindicat
684 1972 786 2031 locum
801 1991 838 2032 ca
852 1971 1041 2047 postulatio,
1060 1989 1127 2030 unm
1138 1983 1172 2026 ar·

229 2069 327 2130 ticulo
343 2070 371 2129 li
386 2065 496 2127 Nostri
517 2064 692 2142 Apostolici
708 2064 824 2142 indulti
840 2065 903 2123 diei
921 2065 958 2125 19
972 2066 1089 2124 Martii
1106 2047 1184 2142 buiual

227 2159 314 2232 anni,
331 2179 391 2236 quo
412 2159 597 2218 facultatem
614 2158 782 2216 tribuimus
798 2157 978 2216 absolvendi
995 2153 1170 2217 Ecclesiasti-

228 2273 278 2314 cos
302 2255 527 2330 promovendos
542 2253 580 2310 ab
595 2251 901 2328 irregularitatibus,
920 2268 1007 2318 num,
1023 2249 1162 2328 inquinas,

227 2366 314 2407 meus
342 2352 451 2408 nostra
478 2346 578 2406 fuerit
607 2343 888 2422 comprehendendi
917 2345 1157 2420 irregularitatem

228 2445 405 2500 manantem
430 2459 468 2499 ex
490 2441 608 2499 delicto
625 2458 682 2498 non
700 2439 760 2498 iam
777 2438 913 2510 occulto,
930 2439 981 2496 sed
1005 2440 1159 2513 publicum

228 2539 307 2613 qnod
333 2534 457 2593 scilicet
472 2533 593 2592 violata
607 2531 706 2590 fuerit
720 2532 880 2608 suspensio
892 2531 930 2591 ab
945 2532 1105 2591 exercitio
1115 2525 1166 2587 orli-

229 2629 289 2701 ηἰε,
305 2645 395 2704 quam
412 2629 476 2686 Nos
491 2624 681 2702 Apostoliois
695 2624 831 2684 Litteris
847 2624 907 2684 diei
922 2625 959 2684 13
969 2626 1098 2702 Aprilis
1110 2637 1169 2696 supe·

229 2719 323 2779 rionis
346 2717 418 2795 anui
441 2719 591 2775 adversus
622 2735 675 2774 eoa
707 2715 943 2790 indixeramuS,
966 2717 1021 2792 qui
1046 2707 1167 2776 inuatt

229 2815 295 2873 dies
307 2811 394 2871 suu'm
408 2810 541 2871 civicum
555 2811 782 2868 sacramentum
797 2825 854 2866 non
869 2810 1061 2868 eiurassent.
1074 2808 1181 2885 Prinas

230 2910 301 2967 huic
315 2904 459 2983 petitioni
476 2909 546 2962 tuae
562 2903 664 2962 facilis
676 2908 726 2961 est
739 2907 771 2960 et
783 2906 928 2979 prompta
940 2904 1113 2978 responsio:
1127 2900 1170 2974 ipa

229 3003 311 3062 enim
337 3000 415 3058 satis
438 2997 532 3068 nosti,
555 3013 732 3056 concessam
755 3011 811 3072 per
831 2997 896 3056 Nos
918 2996 1014 3055 fuisse
1035 2991 1178 3073 Episcopit.

228 3097 327 3155 citato
348 3091 486 3152 articulo
508 3092 537 3150 ll
557 3089 737 3150 facultatem
759 3090 955 3166 dispensandi
971 3108 1133 3166 promoven
1154 3110 1157 3133 ι

228 3207 321 3266 super
334 3185 628 3263 irregularitatibus
643 3202 764 3262 quoquo
780 3187 870 3243 modo
885 3185 1032 3258 incursis,
1051 3189 1085 3244 et
1098 3182 1171 3242 etiam

290 3339 325 3393 (1)
337 3341 384 3395 Ap.
395 3336 481 3383 Labbc
502 3335 545 3382 cit.
556 3336 652 3382 nomas.
670 3335 774 3383 conset.
793 3335 854 3380 Ant.
868 3335 950 3382 Zatta.
963 3337 992 3381 Τ.
1001 3336 1069 3380 XXI.
1087 3348 1108 3382 o.
1117 3331 1162 3378 tto

243 3413 325 3534 Boou)
340 3415 476 3470 Hucusque
492 3410 624 3470 praedicta
633 3409 791 3458 detruncatio
801 3410 1017 3460 monasteriensis.
1026 3401 1167 3470 (Notata.

228 3487 242 3534 1
288 3493 310 3546 ).
410 3525 414 3534 .
1179 3480 1183 3491 '
