2500 4206
436 212 614 271 -427-

133 384 865 558 CONSUETUDINEISX'ANGLIOANAE
884 497 919 554 ‹⁵›

451 703 602 746 SANGI'I'AE

216 853 256 905 IN
276 852 541 910 conclulnnuuo
560 853 838 912 cuneuoouuum

454 1009 515 1044 nnn.
535 999 597 1045 1164

44 1129 191 1194 Quarum
203 1131 352 1188 meminit
363 1133 558 1192 su.me.Pius
575 1131 622 1190 VI
622 1135 670 1192 ‚tn
680 1133 875 1208 Apostolicis
888 1136 1009 1195 litteris

158 1222 243 1288 Quod
266 1222 496 1300 aliquantulum
519 1225 587 1284 diei
607 1225 648 1282 10
667 1225 787 1285 Martii
802 1225 900 1286 1791.

346 1401 413 1454 <vsu
424 1415 482 1461 pag.
497 1404 541 1450 118
551 1403 628 1450 nutus
639 1369 710 1458 ins.)

105 1584 196 1638 Anno
211 1581 335 1640 Domini
347 1583 506 1642 MOLXIV
527 1581 558 1641 in
582 1583 760 1660 praesentia
774 1584 858 1659 regis
879 1581 1008 1643 Henrroi

44 1674 124 1748 apud
148 1672 390 1746 Olurendcnam,
414 1679 524 1734 octavo
546 1676 665 1735 calend.
683 1676 869 1749 Februarii,
892 1676 1008 1751 praesi-

43 1767 137 1825 dente
162 1767 306 1825 'Iohanne
335 1769 371 1825 do
394 1769 513 1827 Oxonia
545 1770 748 1829 demandato
775 1769 872 1846 ipsius
898 1769 1006 1846 Regis,

44 1859 262 1935 praesentibus
283 1861 378 1920 etiam
400 1863 677 1940 Archiepiscopos,
700 1864 867 1939 episcopis,
889 1863 1009 1922 abbati·
1092 1869 1094 1876 '

43 1955 112 2027 bus,
136 1953 304 2029 prioribus,
328 1956 503 2029 comitibus,
523 1957 690 2016 baronibus
712 1962 745 2016 et
765 1955 944 2033 proceribus
960 1974 1008 2014 re-

44 2047 109 2123 gni,
125 2046 210 2106 fecta
225 2050 274 2106 est
287 2049 461 2126 recognitio
484 2050 551 2110 sive
566 2050 741 2110 recordatio
762 2050 920 2110 cuiusdam
935 2068 1008 2126 par-

45 2140 86 2198 tis
103 2141 361 2201 consuetudinum
376 2148 409 2203 et
424 2143 606 2205 libertatum
619 2147 848 2204 antecessorum
866 2162 1005 2216 suorum,

43 2233 130 2310 regis
152 2233 302 2294 videlicet
323 2236 452 2296 Henrici
475 2238 525 2297 ari
548 2238 596 2296 sui
618 2242 651 2297 et
672 2236 831 2310 aliorum,
854 2255 931 2313 quae
953 2235 1009 2294 ob-

43 2326 167 2386 servari
189 2327 343 2386 debebant
358 2329 388 2386 in
410 2347 507 2406 regno
529 2333 562 2389 et
583 2331 621 2390 ab
642 2331 784 2389 omnibus
807 2329 919 2401 teneri,
936 2347 1008 2406 pro·

43 2425 115 2496 pter
131 2420 335 2480 dissensiones
356 2425 389 2481 et
408 2423 578 2483 discordias
600 2441 689 2500 saepe
710 2427 907 2500 emergentes
923 2423 1008 2482 inter

105 2603 140 2660 (ἢ
157 2607 239 2652 Hesus
259 2604 462 2661 consuetudines,
474 2607 584 2654 Henrioo
601 2608 626 2652 II
636 2607 744 2664 Anglias
760 2619 819 2664 rege
836 2605 925 2663 editus,
943 2607 1008 2653 Ale·

42 2680 141 2728 xsnder
159 2683 198 2726 III
215 2681 355 2738 appellavit
376 2679 531 2740 tyrannicus
557 2680 756 2743 ostemationem
776 2685 800 2728 et
820 2683 843 2728 si
863 2682 960 2740 aliquot
973 2684 1009 2728 to·

42 2755 144 2811 lerevit,
163 2755 297 2812 plerasque
315 2766 431 2812 expresse
445 2753 584 2801 damnavit
603 2757 642 2803 of.
664 2757 802 2802 Beroninm
823 2755 855 2802 ad
874 2769 934 2804 ann.
946 2757 1008 2804 1164

42 2834 71 2880 nt
82 2827 230 2876 ti-stbd
250 2829 355 2876 Colleot.
377 2829 470 2876 concil.
494 2828 553 2875 edii.
575 2831 638 2876 Vsu.
651 2833 678 2876 Τ.
692 2830 729 2876 13.
741 2843 763 2876 c.
782 2831 834 2878 312.

105 2905 189 2952 David
207 2905 318 2951 wilkins
337 2900 368 2949 in
388 2901 491 2951 Concil.
510 2901 629 2962 Maenas
655 2903 824 2952 Britannice
845 2911 870 2952 ct
890 2904 1005 2955 Hiberes.

42 2982 103 3029 edit.
116 2981 227 3028 Londini
244 2980 401 3027 lustrum.
423 2992 481 3038 pag.
502 2981 558 3037 435,
576 2982 691 3028 reterens
707 2982 770 3029 haee
787 2982 888 3029 decreta
906 2983 1007 3030 Claren-

42 3059 167 3106 donsnsis
184 3057 324 3113 adnotavit,
347 3057 485 3104 Henrioum
501 3056 638 3114 spelmann
660 3055 778 3117 (Concit.
799 3056 875 3106 Orbis
895 3057 1006 3107 Britan.

41 3132 71 3179 Τ.
84 3132 108 3182 2.
116 3147 146 3194 p.
156 3129 199 3194 63)
216 3133 247 3179 ds
262 3134 305 3180 his
319 3134 358 3181 ita
381 3133 572 3192 pronunciasse:
591 3152 603 3172 u
615 3136 647 3180 In
663 3135 712 3180 hoc
733 3135 842 3182 eoncilin
861 3135 891 3181 ut
909 3135 1008 3194 primus

43 3229 56 3250 n
68 3209 178 3270 impetus
197 3209 225 3256 in
241 3209 377 3268 privilegis
395 3211 421 3256 st
437 3208 638 3255 iurisdictionem
657 3209 908 3267 ecclesiasticorum,
930 3222 1007 3268 quom

44 3303 56 3326 u
68 3287 186 3332 suctores
204 3286 301 3332 ssoouli
321 3286 393 3333 illius
412 3285 508 3345 passim
528 3285 624 3332 canunt
638 3284 788 3344 lugubritou
809 3286 837 3332 iu
855 3285 910 3333 dies
920 3287 1007 3333 tamen

43 3380 56 3402 n
67 3363 208 3410 effrenatus
224 3363 317 3420 erevit,
339 3361 418 3410 donee
439 3362 471 3410 sd
490 3361 615 3408 escidium
630 3363 781 3420 perventum
797 3364 864 3408 esset
883 3365 1007 3410 monsstc-

43 3459 56 3480 ι
68 3442 173 3498 riorum3
195 3441 221 3486 et
238 3437 306 3497 quod
323 3439 406 3486 clerus
426 3451 499 3486 suem
518 3437 573 3496 regi
592 3436 703 3484 Henrico
725 3440 790 3486 VIII
810 3439 935 3497 mtegram
955 3439 1008 3487 red·

42 3535 56 3557 κ
69 3515 194 3564 didissent
212 3517 362 3576 potestatem
382 3517 478 3563 statuto
499 3514 562 3563 enni
580 3517 649 3564 XXV
666 3513 779 3563 eiusdem
797 3515 870 3574 regni
891 3529 930 3563 cs.
942 3516 1006 3563 19:-
