2456 4192
30 343 61 400 ed
73 360 136 420 prae
149 345 274 416 ceteris,
289 345 430 424 spiritali
443 345 473 408 N
475 363 509 406 os
522 345 732 408 delectatione
749 343 858 406 affecit
868 363 959 424 prae·

30 434 102 495 israe
119 435 288 499 docilitatis
308 438 460 512 studium,
475 440 554 517 quod
575 439 709 501 multum
731 458 750 501 a
768 441 813 500 'l'e
829 438 963 518 egregie

30 527 113 587 iulum
132 529 306 591 doctmnam
326 534 433 606 ornat,
446 549 481 593 ac
492 531 599 594 reddit
615 532 956 595 commendabiliorem.

65 625 164 686 Omnes
183 625 386 687 Litterarum
412 627 552 687 Tuarum
576 630 706 705 partes,
733 626 853 688 Dilecta
878 627 956 702 lili,

30 718 83 778 erio
104 719 339 796 perpendimus,
362 719 510 798 nullaque
529 719 768 783 circumtantia
787 723 854 784 Nos
874 719 958 800 fugit

30 814 198 889 arditionis,
221 834 315 894 quam
336 815 410 876 Tibi
432 815 646 894 recogitanti
670 815 794 894 quidem
820 816 959 879 oblatam

30 907 214 987 intelligimus.
237 910 298 970 Sed
321 909 410 971 nulla
430 908 526 972 Nobis
547 909 689 970 occurrit
708 927 811 982 caum,
827 927 884 970 cur
898 929 959 971 nen

30 1000 222 1077 unirmemns,
242 1002 441 1082 maximaque
462 1004 555 1065 laude
576 1021 801 1083 prosequamur
820 1005 961 1084 proposi·

30 1093 88 1166 ton,
106 1099 181 1174 quod
203 1096 293 1159 illico
315 1096 499 1175 suscepisti,
522 1099 558 1157 ut
579 1096 701 1158 nullum
725 1098 892 1178 praeberes
911 1118 960 1161 as·

30 1201 132 1262 ausum,
152 1192 204 1251 sed
228 1191 356 1251 omnino
379 1189 838 1269 proclamationem'abiiceres,
857 1209 892 1253 ac
910 1209 960 1253 re·

30 1295 139 1358 spueres,
161 1285 210 1347 uti
232 1290 395 1364 peractam
417 1289 529 1346 contra
549 1303 655 1346 omnes
677 1283 795 1347 iamdiu
816 1288 959 1364 receptas

30 1379 196 1457 pedulesque
218 1379 379 1442 Ecclesiae
400 1378 536 1440 formas:
565 1377 721 1440 dissensus
748 1379 832 1441 enim
859 1381 958 1454 Tuus,

30 1466 64 1523 uti
80 1469 165 1533 animo
187 1473 335 1534 statuisti
356 1477 450 1551 atque
472 1471 652 1546 declarasti,
669 1472 722 1533 obi
741 1490 812 1533 eum
835 1473 958 1536 firmum

35 1555 217 1645 iunctumque
233 1571 344 1628 teneas
358 1585 395 1628 ac
407 1567 600 1645 promulges,
609 1567 772 1647 egregium
786 1566 819 1626 in
834 1570 960 1630 modum

39 1649 110 1728 reipsa
118 1659 339 1739 comprobabit,
355 1661 400 1720 Te
422 1676 581 1720 sacrarum
596 1659 791 1721 sanctionum
810 1678 876 1722 asse
897 1679 961 1723 me·

39 1761 127 1825 nomn,
144 1753 301 1831 simulque
323 1751 441 1813 futuris
462 1751 617 1817 molestiis
630 1753 812 1832 praecludet
825 1752 959 1829 aditum,

35 1857 88 1914 litt
104 1848 145 1909 vel
165 1850 347 1928 Religionis
367 1847 599 1928 integritatem,
623 1849 675 1909 vel
695 1848 793 1911 animi
814 1849 875 1908 Tui
895 1848 963 1910 ior·

36 1931 163 2002 titudinem
183 1944 217 2003 in
243 1942 412 2003 discrimen
434 1943 637 2004 adducerent.

76 2030 139 2097 Quod
160 2053 242 2098 vero
264 2035 429 2097 Antistitis
450 2034 512 2095 'l'ui
534 2036 739 2114 permovebat
760 2036 912 2109 animum,
929 2036 962 2096 id

38 2117 80 2180 Nos
93 2144 210 2207 quoque,
235 2147 295 2208 pro
316 2130 408 2208 gravi
429 2129 527 2207 ipsius
548 2127 714 2192 Antistitis
728 2127 855 2203 iudicio,
871 2146 962 2206 quem

36 2209 142 2284 treterna
161 2224 323 2286 charitate
348 2225 580 2302 prosequimur,
596 2223 679 2283 serio
701 2228 805 2285 mente
826 2223 965 2285 revolvi·

36 2321 97 2385 nus;
114 2317 159 2376 sed
180 2337 200 2379 a
220 2319 324 2397 primo
345 2305 553 2380 recusationis
578 2318 740 2396 proposito
765 2317 852 2380 nullo
873 2320 963 2379 mode

37 2399 65 2460 le
80 2415 288 2473 removendum
308 2412 341 2472 in
361 2412 494 2475 Domine
515 2411 722 2485 arbitramur,
741 2415 836 2489 atque
857 2412 964 2472 admo-

38 2509 122 2560 lcnue:
141 2505 223 2565 omni
246 2505 329 2566 enim
350 2504 480 2564 huiusce
500 2503 626 2582 generis
647 2499 862 2563 commoditati
875 2506 964 2564 ante·

42 2596 174 2658 lonendum
202 2598 400 2678 agnoscimus
428 2597 696 2670 emolumentum,
726 2597 806 2673 quod
835 2594 965 2656 videtur

43 2693 243 2760 eructandum
256 2693 296 2753 ab
310 2690 468 2752 constanti
480 2689 678 2752 recusatione
689 2689 770 2764 Tua,
782 2707 852 2750 cum
870 2706 965 2766 quae-

40 2769 93 2837 libet
108 2783 285 2864 dieciplinae
299 2784 457 2846 relaxatio
472 2783 649 2862 perniciosa
662 2783 813 2844 evaderet
826 2782 858 2841 in
874 2784 966 2843 tanta

40 2867 176 2940 olinianum
190 2879 321 2940 licentia
333 2895 368 2938 ac
380 2877 603 2957 perversitate.
618 2877 716 2936 Immo
728 2873 760 2934 id
771 2873 843 2933 boni
855 2873 893 2934 ab
907 2874 965 2934 bac

43 2953 228 3032 deliberatione
242 2972 313 3032 'l'ua
331 2971 365 3031 in
387 2970 503 3050 vulgus
517 2970 604 3032 edita
618 2967 806 3048 sperandum
824 2967 964 3044 uidetur,

43 3053 75 3123 lb
85 3056 173 3125 diune
187 3065 359 3129 adiuvante
374 3063 603 3139 misericordia,
615 3063 669 3143 qui
682 3063 721 3124 ad
736 3065 860 3123 sanctas
874 3065 966 3124 tuen·
989 3141 991 3144 .

42 3139 79 3205 dtu
94 3152 234 3220 dmlesiae
255 3157 439 3238 disciplinas
460 3157 608 3236 propensi
629 3156 691 3217 ium
713 3158 799 3230 sunt,
822 3155 883 3216 Tui
902 3157 968 3218 No-

41 3238 107 3304 ninis
130 3249 208 3314 lama
234 3251 394 3331 perculsi,
419 3251 451 3310 in
478 3255 566 3313 recto
593 3249 753 3330 proposito
780 3247 967 3328 persistant,

42 3336 114 3412 ‘aab
131 3361 163 3405 uc
181 3347 280 3426 magis
301 3346 503 3421 roborentur3
517 3345 570 3424 qni
585 3363 663 3406 vero
679 3344 794 3406 misere
809 3344 848 3406 ab
870 3341 967 3404 officio

46 3417 218 3516 lucrarent,
239 3440 263 3500 ii
287 3439 429 3518 exemplo
451 3437 658 3500 recusationis
672 3439 759 3500 'l'uae
779 3435 967 3532 exanimati,

48 3507 136 3588 belim
154 3533 188 3594 ab
207 3533 341 3613 inceptis
364 3533 530 3595 desistant.
