<?xml version="1.0" encoding="UTF-8"?>
<!DOCTYPE html PUBLIC "-//W3C//DTD XHTML 1.0 Transitional//EN"
    "http://www.w3.org/TR/xhtml1/DTD/xhtml1-transitional.dtd">
<html xmlns="http://www.w3.org/1999/xhtml" xml:lang="en" lang="en">
 <head>
  <title>
</title>
<meta http-equiv="Content-Type" content="text/html;charset=utf-8" />
  <meta name='ocr-system' content='tesseract 3.04.00' />
  <meta name='ocr-capabilities' content='ocr_page ocr_carea ocr_par ocr_line ocrx_word'/>
</head>
<body>
  <div class='ocr_page' id='page_1' title='image "./piivipontmaxact00piusgoog_0271.png"; bbox 0 0 2364 4198; ppageno 0'>
   <div class='ocr_carea' id='block_1_1' title="bbox 247 300 1170 1130">
    <p class='ocr_par' dir='ltr' id='par_1_1' title="bbox 247 300 1170 1130">
     <span class='ocr_line' id='line_1_1' title="bbox 248 300 1155 379; baseline -0.007 -13"><span class='ocrx_word' id='word_1_1' title='bbox 248 303 321 366; x_wconf 84' lang='lat' dir='ltr'><strong>sidii</strong></span> <span class='ocrx_word' id='word_1_2' title='bbox 348 301 493 379; x_wconf 84' lang='lat' dir='ltr'><strong>auguria.</strong></span> <span class='ocrx_word' id='word_1_3' title='bbox 514 303 623 378; x_wconf 85' lang='lat' dir='ltr'><strong>Itaque</strong></span> <span class='ocrx_word' id='word_1_4' title='bbox 644 303 829 378; x_wconf 75' lang='lat' dir='ltr'><strong>peraccepta</strong></span> <span class='ocrx_word' id='word_1_5' title='bbox 848 300 948 362; x_wconf 90' lang='lat' dir='ltr'><strong>Nobis</strong></span> <span class='ocrx_word' id='word_1_6' title='bbox 975 301 1035 362; x_wconf 81' lang='lat' dir='ltr'><strong>luit</strong></span> <span class='ocrx_word' id='word_1_7' title='bbox 1053 303 1100 360; x_wconf 92' lang='lat' dir='ltr'><strong>tua</strong></span> <span class='ocrx_word' id='word_1_8' title='bbox 1116 303 1155 360; x_wconf 89' lang='lat' dir='ltr'><strong>ba</strong></span> 
     </span>
     <span class='ocr_line' id='line_1_2' title="bbox 247 394 1161 478; baseline -0.005 -18"><span class='ocrx_word' id='word_1_9' title='bbox 247 417 325 478; x_wconf 85' lang='lat' dir='ltr'><strong>erga</strong></span> <span class='ocrx_word' id='word_1_10' title='bbox 334 400 398 461; x_wconf 88' lang='lat' dir='ltr'><strong>Nos</strong></span> <span class='ocrx_word' id='word_1_11' title='bbox 413 396 540 474; x_wconf 89' lang='lat' dir='ltr'><strong>pietatis</strong></span> <span class='ocrx_word' id='word_1_12' title='bbox 558 413 594 456; x_wconf 91' lang='lat' dir='ltr'><strong>ac</strong></span> <span class='ocrx_word' id='word_1_13' title='bbox 615 394 833 457; x_wconf 77' lang='lat' dir='ltr'><strong>observantiae</strong></span> <span class='ocrx_word' id='word_1_14' title='bbox 845 395 1051 472; x_wconf 88' lang='lat' dir='ltr'><strong>confirmatio,</strong></span> <span class='ocrx_word' id='word_1_15' title='bbox 1063 414 1094 456; x_wconf 89' lang='lat' dir='ltr'><strong>eo</strong></span> <span class='ocrx_word' id='word_1_16' title='bbox 1107 413 1161 472; x_wconf 85' lang='lat' dir='ltr'><strong>prae</strong></span> 
     </span>
     <span class='ocr_line' id='line_1_3' title="bbox 248 489 1169 566; baseline -0.008 -11"><span class='ocrx_word' id='word_1_17' title='bbox 248 493 359 554; x_wconf 87' lang='lat' dir='ltr'><strong>sertim</strong></span> <span class='ocrx_word' id='word_1_18' title='bbox 380 490 486 550; x_wconf 87' lang='lat' dir='ltr'><strong>delata</strong></span> <span class='ocrx_word' id='word_1_19' title='bbox 507 489 659 566; x_wconf 85' lang='lat' dir='ltr'><strong>tempore,</strong></span> <span class='ocrx_word' id='word_1_20' title='bbox 675 506 736 566; x_wconf 92' lang='lat' dir='ltr'><strong>quo</strong></span> <span class='ocrx_word' id='word_1_21' title='bbox 758 489 832 548; x_wconf 91' lang='lat' dir='ltr'><strong>dum</strong></span> <span class='ocrx_word' id='word_1_22' title='bbox 851 492 959 549; x_wconf 92' lang='lat' dir='ltr'><strong>natum</strong></span> <span class='ocrx_word' id='word_1_23' title='bbox 980 490 1169 551; x_wconf 86' lang='lat' dir='ltr'><strong>Dominuman·</strong></span> 
     </span>
     <span class='ocr_line' id='line_1_4' title="bbox 248 581 1169 657; baseline -0.007 -9"><span class='ocrx_word' id='word_1_24' title='bbox 248 584 423 648; x_wconf 85' lang='lat' dir='ltr'><strong>niversarie</strong></span> <span class='ocrx_word' id='word_1_25' title='bbox 444 583 632 644; x_wconf 73' lang='lat' dir='ltr'>celebritate</span> <span class='ocrx_word' id='word_1_26' title='bbox 647 581 826 657; x_wconf 77' lang='lat' dir='ltr'>recolimus,</span> <span class='ocrx_word' id='word_1_27' title='bbox 841 586 875 644; x_wconf 90' lang='lat' dir='ltr'><strong>et</strong></span> <span class='ocrx_word' id='word_1_28' title='bbox 894 584 1083 644; x_wconf 78' lang='lat' dir='ltr'><strong>ferventiora</strong></span> <span class='ocrx_word' id='word_1_29' title='bbox 1100 583 1169 642; x_wconf 89' lang='lat' dir='ltr'><strong>soleul</strong></span> 
     </span>
     <span class='ocr_line' id='line_1_5' title="bbox 249 675 1170 766; baseline -0.005 -26"><span class='ocrx_word' id='word_1_30' title='bbox 249 699 315 742; x_wconf 86' lang='lat' dir='ltr'><strong>esse</strong></span> <span class='ocrx_word' id='word_1_31' title='bbox 336 682 374 739; x_wconf 87' lang='lat' dir='ltr'><strong>ad</strong></span> <span class='ocrx_word' id='word_1_32' title='bbox 397 695 467 739; x_wconf 89' lang='lat' dir='ltr'><strong>eum</strong></span> <span class='ocrx_word' id='word_1_33' title='bbox 495 679 591 766; x_wconf 63' lang='lat' dir='ltr'><strong>vote,</strong></span> <span class='ocrx_word' id='word_1_34' title='bbox 611 678 646 735; x_wconf 90' lang='lat' dir='ltr'><strong>et</strong></span> <span class='ocrx_word' id='word_1_35' title='bbox 673 675 812 736; x_wconf 90' lang='lat' dir='ltr'><strong>eiusdem</strong></span> <span class='ocrx_word' id='word_1_36' title='bbox 833 677 865 735; x_wconf 87' lang='lat' dir='ltr'><strong>in</strong></span> <span class='ocrx_word' id='word_1_37' title='bbox 886 678 952 739; x_wconf 92' lang='lat' dir='ltr'><strong>Nos</strong></span> <span class='ocrx_word' id='word_1_38' title='bbox 973 677 1138 738; x_wconf 87' lang='lat' dir='ltr'><strong>clementiae</strong></span> <span class='ocrx_word' id='word_1_39' title='bbox 1155 712 1170 723; x_wconf 39' lang='lat' dir='ltr'><strong>a</strong></span> 
     </span>
     <span class='ocr_line' id='line_1_6' title="bbox 247 768 1165 848; baseline -0.009 -12"><span class='ocrx_word' id='word_1_40' title='bbox 247 773 399 836; x_wconf 89' lang='lat' dir='ltr'><strong>bonitatis</strong></span> <span class='ocrx_word' id='word_1_41' title='bbox 414 770 515 832; x_wconf 91' lang='lat' dir='ltr'><strong>multo</strong></span> <span class='ocrx_word' id='word_1_42' title='bbox 529 768 672 848; x_wconf 81' lang='lat' dir='ltr'><strong>largiora</strong></span> <span class='ocrx_word' id='word_1_43' title='bbox 687 787 827 832; x_wconf 84' lang='lat' dir='ltr'><strong>munera.</strong></span> <span class='ocrx_word' id='word_1_44' title='bbox 844 771 984 832; x_wconf 83' lang='lat' dir='ltr'><strong>Invicem</strong></span> <span class='ocrx_word' id='word_1_45' title='bbox 1001 773 1064 833; x_wconf 92' lang='lat' dir='ltr'><strong>Nos</strong></span> <span class='ocrx_word' id='word_1_46' title='bbox 1076 770 1149 848; x_wconf 86' lang='lat' dir='ltr'><strong>ipsip</strong></span> <span class='ocrx_word' id='word_1_47' title='bbox 1164 800 1165 815; x_wconf 53' lang='grc' dir='ltr'><strong>ι</strong></span> 
     </span>
     <span class='ocr_line' id='line_1_7' title="bbox 248 863 1170 945; baseline -0.005 -16"><span class='ocrx_word' id='word_1_48' title='bbox 248 887 286 929; x_wconf 87' lang='lat' dir='ltr'><strong>ea</strong></span> <span class='ocrx_word' id='word_1_49' title='bbox 306 865 462 945; x_wconf 86' lang='lat' dir='ltr'><strong>plurima,</strong></span> <span class='ocrx_word' id='word_1_50' title='bbox 485 881 546 941; x_wconf 91' lang='lat' dir='ltr'><strong>qua</strong></span> <span class='ocrx_word' id='word_1_51' title='bbox 566 880 642 940; x_wconf 82' lang='lat' dir='ltr'><strong>erga</strong></span> <span class='ocrx_word' id='word_1_52' title='bbox 663 864 696 922; x_wconf 90' lang='lat' dir='ltr'><strong>te</strong></span> <span class='ocrx_word' id='word_1_53' title='bbox 717 881 823 924; x_wconf 88' lang='lat' dir='ltr'><strong>sumus</strong></span> <span class='ocrx_word' id='word_1_54' title='bbox 844 867 977 941; x_wconf 86' lang='lat' dir='ltr'><strong>paterna</strong></span> <span class='ocrx_word' id='word_1_55' title='bbox 994 863 1170 935; x_wconf 71' lang='lat' dir='ltr'><strong>charitate*</strong></span> 
     </span>
     <span class='ocr_line' id='line_1_8' title="bbox 248 955 1160 1030; baseline -0.008 -9"><span class='ocrx_word' id='word_1_56' title='bbox 248 961 383 1021; x_wconf 87' lang='lat' dir='ltr'><strong>maxime</strong></span> <span class='ocrx_word' id='word_1_57' title='bbox 405 959 523 1022; x_wconf 89' lang='lat' dir='ltr'><strong>orando</strong></span> <span class='ocrx_word' id='word_1_58' title='bbox 545 957 779 1030; x_wconf 90' lang='lat' dir='ltr'><strong>contendimus,</strong></span> <span class='ocrx_word' id='word_1_59' title='bbox 797 961 833 1018; x_wconf 90' lang='lat' dir='ltr'><strong>ut</strong></span> <span class='ocrx_word' id='word_1_60' title='bbox 852 958 892 1018; x_wconf 92' lang='lat' dir='ltr'><strong>iis</strong></span> <span class='ocrx_word' id='word_1_61' title='bbox 914 958 1056 1019; x_wconf 91' lang='lat' dir='ltr'><strong>omnibus</strong></span> <span class='ocrx_word' id='word_1_62' title='bbox 1074 955 1160 1017; x_wconf 90' lang='lat' dir='ltr'><strong>cumul</strong></span> 
     </span>
     <span class='ocr_line' id='line_1_9' title="bbox 248 1052 1157 1130; baseline -0.006 -14"><span class='ocrx_word' id='word_1_63' title='bbox 248 1057 294 1117; x_wconf 82' lang='lat' dir='ltr'><strong>ris</strong></span> <span class='ocrx_word' id='word_1_64' title='bbox 314 1054 421 1128; x_wconf 91' lang='lat' dir='ltr'><strong>donis,</strong></span> <span class='ocrx_word' id='word_1_65' title='bbox 436 1069 515 1130; x_wconf 86' lang='lat' dir='ltr'><strong>quae</strong></span> <span class='ocrx_word' id='word_1_66' title='bbox 537 1052 598 1112; x_wconf 93' lang='lat' dir='ltr'><strong>tibi</strong></span> <span class='ocrx_word' id='word_1_67' title='bbox 619 1069 685 1112; x_wconf 90' lang='lat' dir='ltr'><strong>esse</strong></span> <span class='ocrx_word' id='word_1_68' title='bbox 706 1053 827 1129; x_wconf 84' lang='lat' dir='ltr'><strong>possint</strong></span> <span class='ocrx_word' id='word_1_69' title='bbox 848 1053 897 1114; x_wconf 91' lang='lat' dir='ltr'><strong>his</strong></span> <span class='ocrx_word' id='word_1_70' title='bbox 919 1053 1106 1114; x_wconf 81' lang='lat' dir='ltr'><strong>aerumnosis</strong></span> <span class='ocrx_word' id='word_1_71' title='bbox 1121 1055 1157 1110; x_wconf 78' lang='lat' dir='ltr'><strong>to</strong></span> 
     </span>
    </p>
   </div>
   <div class='ocr_carea' id='block_1_2' title="bbox 123 1139 1169 1228">
    <p class='ocr_par' dir='ltr' id='par_1_2' title="bbox 123 1139 1169 1228">
     <span class='ocr_line' id='line_1_10' title="bbox 123 1139 1169 1228; baseline -0.007 -18"><span class='ocrx_word' id='word_1_72' title='bbox 123 1211 127 1218; x_wconf 28' lang='lat' dir='ltr'><strong><em>J</em></strong></span> <span class='ocrx_word' id='word_1_73' title='bbox 248 1149 376 1228; x_wconf 90' lang='lat' dir='ltr'><strong>poribus</strong></span> <span class='ocrx_word' id='word_1_74' title='bbox 396 1148 640 1226; x_wconf 88' lang='lat' dir='ltr'><strong>peropportuna,</strong></span> <span class='ocrx_word' id='word_1_75' title='bbox 655 1146 767 1223; x_wconf 89' lang='lat' dir='ltr'><strong>quibus</strong></span> <span class='ocrx_word' id='word_1_76' title='bbox 789 1144 914 1207; x_wconf 83' lang='lat' dir='ltr'><strong>scilicet</strong></span> <span class='ocrx_word' id='word_1_77' title='bbox 934 1147 1034 1208; x_wconf 87' lang='lat' dir='ltr'><strong>animi</strong></span> <span class='ocrx_word' id='word_1_78' title='bbox 1055 1147 1100 1206; x_wconf 90' lang='lat' dir='ltr'><strong>tui</strong></span> <span class='ocrx_word' id='word_1_79' title='bbox 1116 1145 1136 1204; x_wconf 87' lang='lat' dir='ltr'><strong>io</strong></span> <span class='ocrx_word' id='word_1_80' title='bbox 1158 1139 1169 1196; x_wconf 63' lang='lat'><strong>&#39;,</strong></span> 
     </span>
    </p>
   </div>
   <div class='ocr_carea' id='block_1_3' title="bbox 244 1238 1170 3548">
    <p class='ocr_par' dir='ltr' id='par_1_3' title="bbox 244 1238 1170 3381">
     <span class='ocr_line' id='line_1_11' title="bbox 248 1238 1167 1318; baseline -0.009 -14"><span class='ocrx_word' id='word_1_81' title='bbox 248 1245 324 1305; x_wconf 88' lang='lat' dir='ltr'><strong>tudo</strong></span> <span class='ocrx_word' id='word_1_82' title='bbox 345 1246 411 1302; x_wconf 89' lang='lat' dir='ltr'><strong>tam</strong></span> <span class='ocrx_word' id='word_1_83' title='bbox 432 1240 594 1317; x_wconf 87' lang='lat' dir='ltr'><strong>praeclare</strong></span> <span class='ocrx_word' id='word_1_84' title='bbox 614 1240 766 1300; x_wconf 88' lang='lat' dir='ltr'><strong>haetenus</strong></span> <span class='ocrx_word' id='word_1_85' title='bbox 790 1238 933 1300; x_wconf 75' lang='lat' dir='ltr'><strong>exhibita</strong></span> <span class='ocrx_word' id='word_1_86' title='bbox 954 1240 1056 1318; x_wconf 82' lang='lat' dir='ltr'><strong>magis</strong></span> <span class='ocrx_word' id='word_1_87' title='bbox 1075 1240 1132 1298; x_wconf 89' lang='lat' dir='ltr'><strong>iud</strong></span> <span class='ocrx_word' id='word_1_88' title='bbox 1120 1238 1167 1303; x_wconf 84' lang='lat' dir='ltr'><strong>dis</strong></span> 
     </span>
     <span class='ocr_line' id='line_1_12' title="bbox 248 1331 1163 1414; baseline -0.009 -17"><span class='ocrx_word' id='word_1_89' title='bbox 248 1335 408 1414; x_wconf 78' lang='lat' dir='ltr'><strong>magisque</strong></span> <span class='ocrx_word' id='word_1_90' title='bbox 422 1333 606 1406; x_wconf 90' lang='lat' dir='ltr'><strong>roboretur,</strong></span> <span class='ocrx_word' id='word_1_91' title='bbox 620 1349 656 1392; x_wconf 90' lang='lat' dir='ltr'><strong>ae</strong></span> <span class='ocrx_word' id='word_1_92' title='bbox 676 1332 710 1391; x_wconf 91' lang='lat' dir='ltr'><strong>in</strong></span> <span class='ocrx_word' id='word_1_93' title='bbox 734 1332 811 1410; x_wconf 92' lang='lat' dir='ltr'><strong>ipsis</strong></span> <span class='ocrx_word' id='word_1_94' title='bbox 835 1331 1108 1412; x_wconf 71' lang='lat' dir='ltr'><strong>tribulationibus,</strong></span> <span class='ocrx_word' id='word_1_95' title='bbox 1125 1335 1163 1389; x_wconf 77' lang='lat' dir='ltr'><strong>ue</strong></span> 
     </span>
     <span class='ocr_line' id='line_1_13' title="bbox 248 1421 1163 1506; baseline -0.011 -16"><span class='ocrx_word' id='word_1_96' title='bbox 248 1446 340 1506; x_wconf 89' lang='lat' dir='ltr'><strong>quam</strong></span> <span class='ocrx_word' id='word_1_97' title='bbox 368 1444 479 1488; x_wconf 88' lang='lat' dir='ltr'><strong>aurum</strong></span> <span class='ocrx_word' id='word_1_98' title='bbox 509 1425 542 1484; x_wconf 91' lang='lat' dir='ltr'><strong>in</strong></span> <span class='ocrx_word' id='word_1_99' title='bbox 564 1423 638 1502; x_wconf 86' lang='lat' dir='ltr'><strong>igne</strong></span> <span class='ocrx_word' id='word_1_100' title='bbox 665 1427 796 1503; x_wconf 91' lang='lat' dir='ltr'><strong>probata</strong></span> <span class='ocrx_word' id='word_1_101' title='bbox 817 1426 1013 1503; x_wconf 86' lang='lat' dir='ltr'><strong>splendidior</strong></span> <span class='ocrx_word' id='word_1_102' title='bbox 1035 1445 1119 1504; x_wconf 90' lang='lat' dir='ltr'><strong>usque</strong></span> <span class='ocrx_word' id='word_1_103' title='bbox 1133 1421 1163 1481; x_wconf 82' lang='lat' dir='ltr'><strong>ui</strong></span> 
     </span>
     <span class='ocr_line' id='line_1_14' title="bbox 249 1519 1169 1597; baseline -0.009 -15"><span class='ocrx_word' id='word_1_104' title='bbox 249 1526 360 1583; x_wconf 83' lang='lat' dir='ltr'><strong>toseat.</strong></span> <span class='ocrx_word' id='word_1_105' title='bbox 385 1521 472 1588; x_wconf 86' lang='lat' dir='ltr'><strong>Quod</strong></span> <span class='ocrx_word' id='word_1_106' title='bbox 493 1521 530 1579; x_wconf 92' lang='lat' dir='ltr'><strong>de</strong></span> <span class='ocrx_word' id='word_1_107' title='bbox 553 1522 604 1594; x_wconf 87' lang='lat' dir='ltr'><strong>te,</strong></span> <span class='ocrx_word' id='word_1_108' title='bbox 627 1523 744 1597; x_wconf 86' lang='lat' dir='ltr'><strong>tuaque</strong></span> <span class='ocrx_word' id='word_1_109' title='bbox 770 1520 912 1594; x_wconf 80' lang='lat' dir='ltr'><strong>virtute,</strong></span> <span class='ocrx_word' id='word_1_110' title='bbox 939 1521 1058 1582; x_wconf 85' lang='lat' dir='ltr'><strong>dilecte</strong></span> <span class='ocrx_word' id='word_1_111' title='bbox 1084 1519 1121 1580; x_wconf 87' lang='lat' dir='ltr'><strong>lili</strong></span> <span class='ocrx_word' id='word_1_112' title='bbox 1140 1533 1169 1590; x_wconf 74' lang='grc' dir='ltr'><strong>ιι]</strong></span> 
     </span>
     <span class='ocr_line' id='line_1_15' title="bbox 248 1611 1160 1694; baseline -0.005 -17"><span class='ocrx_word' id='word_1_113' title='bbox 248 1620 326 1690; x_wconf 88' lang='lat' dir='ltr'><strong>ster,</strong></span> <span class='ocrx_word' id='word_1_114' title='bbox 343 1611 570 1693; x_wconf 84' lang='lat' dir='ltr'><strong>praedicamus,</strong></span> <span class='ocrx_word' id='word_1_115' title='bbox 586 1615 668 1674; x_wconf 92' lang='lat' dir='ltr'><strong>idem</strong></span> <span class='ocrx_word' id='word_1_116' title='bbox 690 1614 728 1673; x_wconf 91' lang='lat' dir='ltr'><strong>de</strong></span> <span class='ocrx_word' id='word_1_117' title='bbox 751 1615 909 1674; x_wconf 83' lang='lat' dir='ltr'><strong>universis</strong></span> <span class='ocrx_word' id='word_1_118' title='bbox 929 1615 1064 1694; x_wconf 82' lang='lat' dir='ltr'><strong>collegis</strong></span> <span class='ocrx_word' id='word_1_119' title='bbox 1083 1613 1133 1675; x_wconf 89' lang='lat' dir='ltr'><strong>tuis</strong></span> <span class='ocrx_word' id='word_1_120' title='bbox 1151 1636 1160 1657; x_wconf 58' lang='grc' dir='ltr'><strong>ι</strong></span> 
     </span>
     <span class='ocr_line' id='line_1_16' title="bbox 248 1706 1159 1783; baseline -0.004 -13"><span class='ocrx_word' id='word_1_121' title='bbox 248 1727 317 1770; x_wconf 92' lang='lat' dir='ltr'><strong>cum</strong></span> <span class='ocrx_word' id='word_1_122' title='bbox 339 1707 550 1768; x_wconf 86' lang='lat' dir='ltr'><strong>sentientibus</strong></span> <span class='ocrx_word' id='word_1_123' title='bbox 565 1706 708 1782; x_wconf 82' lang='lat' dir='ltr'><strong>dicimus,</strong></span> <span class='ocrx_word' id='word_1_124' title='bbox 725 1707 823 1783; x_wconf 91' lang='lat' dir='ltr'><strong>deque</strong></span> <span class='ocrx_word' id='word_1_125' title='bbox 838 1707 987 1768; x_wconf 83' lang='lat' dir='ltr'><strong>universo</strong></span> <span class='ocrx_word' id='word_1_126' title='bbox 1004 1709 1108 1770; x_wconf 80' lang='lat' dir='ltr'><strong>itidem</strong></span> <span class='ocrx_word' id='word_1_127' title='bbox 1118 1707 1159 1766; x_wconf 60' lang='lat' dir='ltr'><strong>a»</strong></span> 
     </span>
     <span class='ocr_line' id='line_1_17' title="bbox 247 1799 1144 1876; baseline -0.007 -12"><span class='ocrx_word' id='word_1_128' title='bbox 247 1803 343 1874; x_wconf 84' lang='lat' dir='ltr'><strong>clero,</strong></span> <span class='ocrx_word' id='word_1_129' title='bbox 360 1800 448 1864; x_wconf 89' lang='lat' dir='ltr'><strong>cuius</strong></span> <span class='ocrx_word' id='word_1_130' title='bbox 465 1799 662 1876; x_wconf 87' lang='lat' dir='ltr'><strong>agnoscimus</strong></span> <span class='ocrx_word' id='word_1_131' title='bbox 676 1800 708 1859; x_wconf 92' lang='lat' dir='ltr'><strong>in</strong></span> <span class='ocrx_word' id='word_1_132' title='bbox 730 1800 898 1861; x_wconf 88' lang='lat' dir='ltr'><strong>retinenda</strong></span> <span class='ocrx_word' id='word_1_133' title='bbox 911 1819 989 1862; x_wconf 86' lang='lat' dir='ltr'><strong>vera</strong></span> <span class='ocrx_word' id='word_1_134' title='bbox 1014 1802 1073 1862; x_wconf 89' lang='lat' dir='ltr'><strong>fide</strong></span> <span class='ocrx_word' id='word_1_135' title='bbox 1086 1799 1144 1861; x_wconf 85' lang='lat' dir='ltr'><strong>meri</strong></span> 
     </span>
     <span class='ocr_line' id='line_1_18' title="bbox 246 1893 1149 1972; baseline -0.009 -14"><span class='ocrx_word' id='word_1_136' title='bbox 246 1899 404 1971; x_wconf 89' lang='lat' dir='ltr'><strong>Deumque</strong></span> <span class='ocrx_word' id='word_1_137' title='bbox 419 1893 665 1971; x_wconf 86' lang='lat' dir='ltr'><strong>omnipotentem</strong></span> <span class='ocrx_word' id='word_1_138' title='bbox 681 1913 738 1972; x_wconf 88' lang='lat' dir='ltr'><strong>per</strong></span> <span class='ocrx_word' id='word_1_139' title='bbox 753 1896 854 1954; x_wconf 86' lang='lat' dir='ltr'><strong>Iesum</strong></span> <span class='ocrx_word' id='word_1_140' title='bbox 868 1895 1035 1956; x_wconf 74' lang='lat' dir='ltr'><strong>Christum</strong></span> <span class='ocrx_word' id='word_1_141' title='bbox 1050 1909 1149 1970; x_wconf 85' lang='lat' dir='ltr'><strong>nunqu</strong></span> 
     </span>
     <span class='ocr_line' id='line_1_19' title="bbox 246 1988 1142 2066; baseline -0.004 -16"><span class='ocrx_word' id='word_1_142' title='bbox 246 1988 436 2051; x_wconf 88' lang='lat' dir='ltr'><strong>intermissis</strong></span> <span class='ocrx_word' id='word_1_143' title='bbox 457 1988 601 2066; x_wconf 90' lang='lat' dir='ltr'><strong>precibus</strong></span> <span class='ocrx_word' id='word_1_144' title='bbox 614 1989 820 2062; x_wconf 88' lang='lat' dir='ltr'><strong>obsecramus,</strong></span> <span class='ocrx_word' id='word_1_145' title='bbox 837 1993 929 2066; x_wconf 86' lang='lat' dir='ltr'><strong>atque</strong></span> <span class='ocrx_word' id='word_1_146' title='bbox 951 1990 1142 2058; x_wconf 86' lang='lat' dir='ltr'><strong>obtestamur,</strong></span> 
     </span>
     <span class='ocr_line' id='line_1_20' title="bbox 246 2081 1170 2161; baseline -0.005 -17"><span class='ocrx_word' id='word_1_147' title='bbox 246 2082 392 2144; x_wconf 89' lang='lat' dir='ltr'><strong>misereri</strong></span> <span class='ocrx_word' id='word_1_148' title='bbox 414 2083 540 2142; x_wconf 89' lang='lat' dir='ltr'><strong>tandem</strong></span> <span class='ocrx_word' id='word_1_149' title='bbox 554 2081 711 2142; x_wconf 86' lang='lat' dir='ltr'><strong>Ecclesiae</strong></span> <span class='ocrx_word' id='word_1_150' title='bbox 733 2099 806 2142; x_wconf 88' lang='lat' dir='ltr'><strong>suae</strong></span> <span class='ocrx_word' id='word_1_151' title='bbox 823 2081 915 2155; x_wconf 81' lang='lat' dir='ltr'><strong>velit,</strong></span> <span class='ocrx_word' id='word_1_152' title='bbox 930 2083 1061 2161; x_wconf 90' lang='lat' dir='ltr'><strong>Nosque</strong></span> <span class='ocrx_word' id='word_1_153' title='bbox 1080 2085 1135 2160; x_wconf 88' lang='lat' dir='ltr'><strong>post</strong></span> <span class='ocrx_word' id='word_1_154' title='bbox 1156 2098 1170 2125; x_wconf 60' lang='grc' dir='ltr'><strong>ι</strong></span> 
     </span>
     <span class='ocr_line' id='line_1_21' title="bbox 246 2173 1161 2248; baseline -0.003 -10"><span class='ocrx_word' id='word_1_155' title='bbox 246 2179 340 2238; x_wconf 88' lang='lat' dir='ltr'><strong>fletus</strong></span> <span class='ocrx_word' id='word_1_156' title='bbox 361 2194 397 2237; x_wconf 87' lang='lat' dir='ltr'><strong>ac</strong></span> <span class='ocrx_word' id='word_1_157' title='bbox 418 2176 543 2236; x_wconf 87' lang='lat' dir='ltr'><strong>dolores</strong></span> <span class='ocrx_word' id='word_1_158' title='bbox 562 2173 594 2233; x_wconf 92' lang='lat' dir='ltr'><strong>iu</strong></span> <span class='ocrx_word' id='word_1_159' title='bbox 616 2193 685 2235; x_wconf 89' lang='lat' dir='ltr'><strong>eam</strong></span> <span class='ocrx_word' id='word_1_160' title='bbox 705 2175 854 2235; x_wconf 91' lang='lat' dir='ltr'><strong>inducere</strong></span> <span class='ocrx_word' id='word_1_161' title='bbox 872 2177 1161 2248; x_wconf 82' lang='lat' dir='ltr'><strong>consolationem,q</strong></span> 
     </span>
     <span class='ocr_line' id='line_1_22' title="bbox 246 2268 1169 2346; baseline -0.003 -15"><span class='ocrx_word' id='word_1_162' title='bbox 246 2271 336 2331; x_wconf 87' lang='lat' dir='ltr'><strong>nulla</strong></span> <span class='ocrx_word' id='word_1_163' title='bbox 356 2269 458 2330; x_wconf 88' lang='lat' dir='ltr'><strong>maior</strong></span> <span class='ocrx_word' id='word_1_164' title='bbox 478 2287 514 2329; x_wconf 91' lang='lat' dir='ltr'><strong>ac</strong></span> <span class='ocrx_word' id='word_1_165' title='bbox 529 2268 633 2346; x_wconf 90' lang='lat' dir='ltr'><strong>potior</strong></span> <span class='ocrx_word' id='word_1_166' title='bbox 653 2287 721 2328; x_wconf 88' lang='lat' dir='ltr'><strong>esse</strong></span> <span class='ocrx_word' id='word_1_167' title='bbox 735 2272 857 2346; x_wconf 89' lang='lat' dir='ltr'><strong>posset,</strong></span> <span class='ocrx_word' id='word_1_168' title='bbox 873 2288 965 2346; x_wconf 89' lang='lat' dir='ltr'><strong>quam</strong></span> <span class='ocrx_word' id='word_1_169' title='bbox 981 2271 1011 2330; x_wconf 92' lang='lat' dir='ltr'><strong>si</strong></span> <span class='ocrx_word' id='word_1_170' title='bbox 1033 2271 1169 2332; x_wconf 66' lang='lat' dir='ltr'><strong>restitut!</strong></span> 
     </span>
     <span class='ocr_line' id='line_1_23' title="bbox 245 2362 1160 2444; baseline 0.001 -20"><span class='ocrx_word' id='word_1_171' title='bbox 245 2365 278 2424; x_wconf 92' lang='lat' dir='ltr'><strong>in</strong></span> <span class='ocrx_word' id='word_1_172' title='bbox 293 2362 417 2424; x_wconf 82' lang='lat' dir='ltr'><strong>Galliae</strong></span> <span class='ocrx_word' id='word_1_173' title='bbox 430 2381 561 2441; x_wconf 85' lang='lat' dir='ltr'><strong>regnum</strong></span> <span class='ocrx_word' id='word_1_174' title='bbox 576 2362 794 2441; x_wconf 86' lang='lat' dir='ltr'><strong>intelligamus</strong></span> <span class='ocrx_word' id='word_1_175' title='bbox 806 2365 992 2424; x_wconf 87' lang='lat' dir='ltr'><strong>catholicam</strong></span> <span class='ocrx_word' id='word_1_176' title='bbox 1016 2365 1160 2444; x_wconf 60' lang='lat' dir='ltr'><strong>religion</strong></span> 
     </span>
     <span class='ocr_line' id='line_1_24' title="bbox 247 2447 1164 2535; baseline -0.004 -15"><span class='ocrx_word' id='word_1_177' title='bbox 247 2458 274 2520; x_wconf 90' lang='lat' dir='ltr'><strong>si</strong></span> <span class='ocrx_word' id='word_1_178' title='bbox 295 2475 351 2518; x_wconf 85' lang='lat' dir='ltr'><strong>vos</strong></span> <span class='ocrx_word' id='word_1_179' title='bbox 372 2473 477 2516; x_wconf 91' lang='lat' dir='ltr'><strong>omnes</strong></span> <span class='ocrx_word' id='word_1_180' title='bbox 498 2457 537 2516; x_wconf 85' lang='lat' dir='ltr'><strong>ad</strong></span> <span class='ocrx_word' id='word_1_181' title='bbox 558 2460 684 2518; x_wconf 86' lang='lat' dir='ltr'><strong>vestras</strong></span> <span class='ocrx_word' id='word_1_182' title='bbox 705 2457 793 2518; x_wconf 88' lang='lat' dir='ltr'><strong>sedes</strong></span> <span class='ocrx_word' id='word_1_183' title='bbox 814 2461 992 2532; x_wconf 83' lang='lat' dir='ltr'><strong>revocatos,</strong></span> <span class='ocrx_word' id='word_1_184' title='bbox 1012 2461 1040 2520; x_wconf 92' lang='lat' dir='ltr'><strong>si</strong></span> <span class='ocrx_word' id='word_1_185' title='bbox 1062 2447 1164 2535; x_wconf 70' lang='lat' dir='ltr'><strong>regenti</strong></span> 
     </span>
     <span class='ocr_line' id='line_1_25' title="bbox 245 2550 1168 2629; baseline 0 -17"><span class='ocrx_word' id='word_1_186' title='bbox 245 2568 334 2612; x_wconf 88' lang='lat' dir='ltr'><strong>suam</strong></span> <span class='ocrx_word' id='word_1_187' title='bbox 356 2567 532 2628; x_wconf 82' lang='lat' dir='ltr'><strong>regressum</strong></span> <span class='ocrx_word' id='word_1_188' title='bbox 554 2553 758 2628; x_wconf 86' lang='lat' dir='ltr'><strong>potestatem,</strong></span> <span class='ocrx_word' id='word_1_189' title='bbox 774 2550 801 2611; x_wconf 92' lang='lat' dir='ltr'><strong>si</strong></span> <span class='ocrx_word' id='word_1_190' title='bbox 822 2567 931 2611; x_wconf 87' lang='lat' dir='ltr'><strong>varam</strong></span> <span class='ocrx_word' id='word_1_191' title='bbox 945 2551 1074 2613; x_wconf 90' lang='lat' dir='ltr'><strong>demum</strong></span> <span class='ocrx_word' id='word_1_192' title='bbox 1094 2559 1168 2629; x_wconf 69' lang='lat' dir='ltr'><strong>pactis</strong></span> 
     </span>
     <span class='ocr_line' id='line_1_26' title="bbox 245 2641 1148 2723; baseline -0.007 -18"><span class='ocrx_word' id='word_1_193' title='bbox 245 2644 443 2706; x_wconf 87' lang='lat' dir='ltr'><strong>concordiam</strong></span> <span class='ocrx_word' id='word_1_194' title='bbox 459 2642 788 2720; x_wconf 82' lang='lat' dir='ltr'><strong>tranquillitatemque</strong></span> <span class='ocrx_word' id='word_1_195' title='bbox 803 2661 859 2720; x_wconf 89' lang='lat' dir='ltr'><strong>per</strong></span> <span class='ocrx_word' id='word_1_196' title='bbox 870 2643 1055 2706; x_wconf 83' lang='lat' dir='ltr'><strong>universam</strong></span> <span class='ocrx_word' id='word_1_197' title='bbox 1068 2641 1148 2723; x_wconf 83' lang='lat' dir='ltr'><strong>galli</strong></span> 
     </span>
     <span class='ocr_line' id='line_1_27' title="bbox 246 2735 1160 2812; baseline -0.005 -13"><span class='ocrx_word' id='word_1_198' title='bbox 246 2738 397 2799; x_wconf 89' lang='lat' dir='ltr'><strong>ditionem</strong></span> <span class='ocrx_word' id='word_1_199' title='bbox 414 2735 553 2797; x_wconf 89' lang='lat' dir='ltr'><strong>unanimi</strong></span> <span class='ocrx_word' id='word_1_200' title='bbox 569 2735 698 2812; x_wconf 87' lang='lat' dir='ltr'><strong>pietatis</strong></span> <span class='ocrx_word' id='word_1_201' title='bbox 718 2755 809 2796; x_wconf 90' lang='lat' dir='ltr'><strong>seusu</strong></span> <span class='ocrx_word' id='word_1_202' title='bbox 823 2737 1046 2800; x_wconf 89' lang='lat' dir='ltr'><strong>constitutam.</strong></span> <span class='ocrx_word' id='word_1_203' title='bbox 1063 2741 1160 2800; x_wconf 85' lang='lat' dir='ltr'><strong>Haecu</strong></span> 
     </span>
     <span class='ocr_line' id='line_1_28' title="bbox 245 2829 1153 2908; baseline -0.004 -14"><span class='ocrx_word' id='word_1_204' title='bbox 245 2835 324 2906; x_wconf 87' lang='lat' dir='ltr'><strong>stra,</strong></span> <span class='ocrx_word' id='word_1_205' title='bbox 340 2851 376 2893; x_wconf 90' lang='lat' dir='ltr'><strong>ac</strong></span> <span class='ocrx_word' id='word_1_206' title='bbox 392 2849 468 2908; x_wconf 90' lang='lat' dir='ltr'><strong>pene</strong></span> <span class='ocrx_word' id='word_1_207' title='bbox 484 2830 576 2889; x_wconf 89' lang='lat' dir='ltr'><strong>unice</strong></span> <span class='ocrx_word' id='word_1_208' title='bbox 590 2829 640 2890; x_wconf 92' lang='lat' dir='ltr'><strong>his</strong></span> <span class='ocrx_word' id='word_1_209' title='bbox 655 2831 849 2907; x_wconf 82' lang='lat' dir='ltr'><strong>temporibus</strong></span> <span class='ocrx_word' id='word_1_210' title='bbox 862 2835 939 2892; x_wconf 84' lang='lat' dir='ltr'><strong>vota</strong></span> <span class='ocrx_word' id='word_1_211' title='bbox 953 2837 1042 2907; x_wconf 81' lang='lat' dir='ltr'><strong>eunt,</strong></span> <span class='ocrx_word' id='word_1_212' title='bbox 1057 2835 1124 2894; x_wconf 87' lang='lat' dir='ltr'><strong>haec</strong></span> <span class='ocrx_word' id='word_1_213' title='bbox 1137 2856 1140 2877; x_wconf 70' lang='lat'><em>2</em></span> <span class='ocrx_word' id='word_1_214' title='bbox 1151 2856 1153 2873; x_wconf 83' lang='lat'><em>=</em></span> 
     </span>
     <span class='ocr_line' id='line_1_29' title="bbox 245 2923 1167 3000; baseline -0.005 -12"><span class='ocrx_word' id='word_1_215' title='bbox 245 2945 296 2988; x_wconf 89' lang='lat' dir='ltr'><strong>mo</strong></span> <span class='ocrx_word' id='word_1_216' title='bbox 318 2928 427 2987; x_wconf 89' lang='lat' dir='ltr'><strong>nostro</strong></span> <span class='ocrx_word' id='word_1_217' title='bbox 450 2923 502 2984; x_wconf 93' lang='lat' dir='ltr'><strong>diu</strong></span> <span class='ocrx_word' id='word_1_218' title='bbox 518 2926 672 3000; x_wconf 90' lang='lat' dir='ltr'><strong>noctuque</strong></span> <span class='ocrx_word' id='word_1_219' title='bbox 693 2941 869 2998; x_wconf 78' lang='lat' dir='ltr'><strong>versamus,</strong></span> <span class='ocrx_word' id='word_1_220' title='bbox 883 2924 916 2985; x_wconf 90' lang='lat' dir='ltr'><strong>iu</strong></span> <span class='ocrx_word' id='word_1_221' title='bbox 936 2927 1017 2987; x_wconf 88' lang='lat' dir='ltr'><strong>haec</strong></span> <span class='ocrx_word' id='word_1_222' title='bbox 1031 2941 1128 2988; x_wconf 89' lang='lat' dir='ltr'><strong>omues</strong></span> <span class='ocrx_word' id='word_1_223' title='bbox 1141 2949 1167 2973; x_wconf 65' lang='grc' dir='ltr'><strong>ι</strong></span> 
     </span>
     <span class='ocr_line' id='line_1_30' title="bbox 245 3016 1163 3095; baseline -0.002 -16"><span class='ocrx_word' id='word_1_224' title='bbox 245 3019 427 3080; x_wconf 89' lang='lat' dir='ltr'><strong>licitudiues</strong></span> <span class='ocrx_word' id='word_1_225' title='bbox 440 3020 577 3090; x_wconf 88' lang='lat' dir='ltr'><strong>nostras,</strong></span> <span class='ocrx_word' id='word_1_226' title='bbox 590 3016 696 3078; x_wconf 87' lang='lat' dir='ltr'><strong>studia</strong></span> <span class='ocrx_word' id='word_1_227' title='bbox 709 3035 862 3095; x_wconf 87' lang='lat' dir='ltr'><strong>curasque</strong></span> <span class='ocrx_word' id='word_1_228' title='bbox 873 3018 1080 3082; x_wconf 87' lang='lat' dir='ltr'><strong>intendimus.</strong></span> <span class='ocrx_word' id='word_1_229' title='bbox 1093 3021 1163 3090; x_wconf 74' lang='lat' dir='ltr'><strong>usq</strong></span> 
     </span>
     <span class='ocr_line' id='line_1_31' title="bbox 244 3110 1151 3189; baseline -0.003 -16"><span class='ocrx_word' id='word_1_230' title='bbox 244 3113 340 3174; x_wconf 89' lang='lat' dir='ltr'><strong>etiam</strong></span> <span class='ocrx_word' id='word_1_231' title='bbox 362 3114 527 3189; x_wconf 88' lang='lat' dir='ltr'><strong>promanat</strong></span> <span class='ocrx_word' id='word_1_232' title='bbox 548 3110 640 3189; x_wconf 90' lang='lat' dir='ltr'><strong>plena</strong></span> <span class='ocrx_word' id='word_1_233' title='bbox 661 3111 693 3171; x_wconf 91' lang='lat' dir='ltr'><strong>in</strong></span> <span class='ocrx_word' id='word_1_234' title='bbox 714 3114 745 3171; x_wconf 92' lang='lat' dir='ltr'><strong>te</strong></span> <span class='ocrx_word' id='word_1_235' title='bbox 767 3111 883 3172; x_wconf 89' lang='lat' dir='ltr'><strong>amoris</strong></span> <span class='ocrx_word' id='word_1_236' title='bbox 903 3111 1151 3184; x_wconf 66' lang='lat' dir='ltr'><strong>existimationis</strong></span> 
     </span>
     <span class='ocr_line' id='line_1_32' title="bbox 245 3205 1149 3285; baseline -0.006 -17"><span class='ocrx_word' id='word_1_237' title='bbox 245 3208 416 3285; x_wconf 87' lang='lat' dir='ltr'><strong>apostolica</strong></span> <span class='ocrx_word' id='word_1_238' title='bbox 437 3207 634 3280; x_wconf 88' lang='lat' dir='ltr'><strong>benedictio,</strong></span> <span class='ocrx_word' id='word_1_239' title='bbox 657 3225 750 3284; x_wconf 89' lang='lat' dir='ltr'><strong>quam</strong></span> <span class='ocrx_word' id='word_1_240' title='bbox 779 3206 920 3268; x_wconf 85' lang='lat' dir='ltr'><strong>enixicre</strong></span> <span class='ocrx_word' id='word_1_241' title='bbox 940 3211 973 3268; x_wconf 87' lang='lat' dir='ltr'><strong>et</strong></span> <span class='ocrx_word' id='word_1_242' title='bbox 1000 3205 1149 3270; x_wconf 88' lang='lat' dir='ltr'><strong>cumulati·</strong></span> 
     </span>
     <span class='ocr_line' id='line_1_33' title="bbox 245 3299 1170 3381; baseline -0.002 -21"><span class='ocrx_word' id='word_1_243' title='bbox 245 3301 278 3360; x_wconf 90' lang='lat' dir='ltr'><strong>in</strong></span> <span class='ocrx_word' id='word_1_244' title='bbox 300 3301 366 3361; x_wconf 89' lang='lat' dir='ltr'><strong>dies</strong></span> <span class='ocrx_word' id='word_1_245' title='bbox 388 3301 458 3374; x_wconf 90' lang='lat' dir='ltr'><strong>tibi,</strong></span> <span class='ocrx_word' id='word_1_246' title='bbox 475 3299 589 3361; x_wconf 88' lang='lat' dir='ltr'><strong>dilecte</strong></span> <span class='ocrx_word' id='word_1_247' title='bbox 604 3300 653 3361; x_wconf 88' lang='lat' dir='ltr'><strong>flli</strong></span> <span class='ocrx_word' id='word_1_248' title='bbox 675 3303 795 3372; x_wconf 90' lang='lat' dir='ltr'><strong>noster,</strong></span> <span class='ocrx_word' id='word_1_249' title='bbox 812 3300 975 3362; x_wconf 84' lang='lat' dir='ltr'><strong>voluntate</strong></span> <span class='ocrx_word' id='word_1_250' title='bbox 992 3300 1170 3381; x_wconf 73' lang='lat' dir='ltr'><strong>impartileu</strong></span> 
     </span>
    </p>

    <p class='ocr_par' dir='ltr' id='par_1_4' title="bbox 245 3390 1170 3548">
     <span class='ocr_line' id='line_1_34' title="bbox 305 3390 1170 3467; baseline 0.001 -16"><span class='ocrx_word' id='word_1_251' title='bbox 305 3394 420 3452; x_wconf 88' lang='lat' dir='ltr'><strong>Datum</strong></span> <span class='ocrx_word' id='word_1_252' title='bbox 441 3395 578 3467; x_wconf 85' lang='lat' dir='ltr'><strong>Romae,</strong></span> <span class='ocrx_word' id='word_1_253' title='bbox 600 3393 650 3452; x_wconf 93' lang='lat' dir='ltr'><strong>die</strong></span> <span class='ocrx_word' id='word_1_254' title='bbox 672 3394 731 3453; x_wconf 85' lang='lat' dir='ltr'><strong>VII</strong></span> <span class='ocrx_word' id='word_1_255' title='bbox 752 3393 890 3455; x_wconf 89' lang='lat' dir='ltr'><strong>ianuarii</strong></span> <span class='ocrx_word' id='word_1_256' title='bbox 909 3396 1109 3467; x_wconf 80' lang='lat' dir='ltr'><strong>Mucoxon,</strong></span> <span class='ocrx_word' id='word_1_257' title='bbox 1123 3390 1170 3452; x_wconf 79' lang='lat' dir='ltr'><strong>Po</strong></span> 
     </span>
     <span class='ocr_line' id='line_1_35' title="bbox 245 3483 751 3548; baseline 0.002 -2"><span class='ocrx_word' id='word_1_258' title='bbox 245 3483 384 3547; x_wconf 84' lang='lat' dir='ltr'><strong>tidcatus</strong></span> <span class='ocrx_word' id='word_1_259' title='bbox 404 3485 515 3546; x_wconf 90' lang='lat' dir='ltr'><strong>Nostri</strong></span> <span class='ocrx_word' id='word_1_260' title='bbox 534 3490 625 3547; x_wconf 85' lang='lat' dir='ltr'><strong>Auno</strong></span> <span class='ocrx_word' id='word_1_261' title='bbox 645 3487 751 3548; x_wconf 87' lang='lat' dir='ltr'><strong>XVII.</strong></span> 
     </span>
    </p>
   </div>
   <div class='ocr_carea' id='block_1_4' title="bbox 0 0 1186 4198">
    <p class='ocr_par' dir='ltr' id='par_1_5' title="bbox 0 0 1186 4198">
     <span class='ocr_line' id='line_1_36' title="bbox 0 0 1186 4198; baseline 0 0"><span class='ocrx_word' id='word_1_262' title='bbox 0 0 1186 4198; x_wconf 95' lang='lat' dir='ltr'><strong> </strong></span> 
     </span>
    </p>
   </div>
  </div>
 </body>
</html>
