2456 4192
650 199 788 256 ..4-

234 322 359 377 nemus,
382 307 419 364 ut
439 304 548 365 fideles
568 303 743 365 habeamini
765 302 997 379 dispensatores
1024 309 1209 386 mysterio-

234 417 303 458 rum
325 399 392 461 Dei.
410 401 486 472 Vos,
503 417 633 477 quorum
655 418 728 476 pars
748 399 897 461 Dominus
917 405 978 475 est,
995 420 1055 462 non
1070 402 1204 479 ignora-

233 494 277 553 tis
297 492 369 570 quid
385 493 448 552 Vos
461 491 564 553 facere
584 495 745 570 oporteat,
760 511 837 571 quos
851 493 974 554 labores
989 513 1045 573 pro
1059 497 1207 560 Ecclesia

233 585 288 646 Dei
311 583 488 658 sustinere,
512 589 548 645 nt
568 587 697 647 fortiter
717 585 878 664 impleatis
900 587 1113 648 ministerium
1136 592 1207 650 Ve-

232 684 345 740 strum.
368 681 542 740 Hortamur
563 679 670 758 itaque
692 682 777 756 Vos,
799 683 893 758 atque
916 682 1137 756 obsecramus,
1164 689 1205 744 nt

232 773 391 834 suscitetis
406 775 556 851 gratiam,
571 792 650 853 quae
672 774 767 835 estin
783 775 880 835 Vobis
894 791 951 851 per
964 774 1203 852 impositionem

233 887 396 943 manuum3
420 869 665 948 necquidquam
686 869 944 946 praetermissum
966 869 1093 942 velitis,
1117 874 1202 946 quod

204 1021 205 1026 ,
232 968 268 1025 ad
291 969 494 1042 augmentum
515 963 583 1024 eius
604 963 746 1040 corporis
767 963 938 1040 pertineat,
958 964 1045 1040 quod
1065 981 1201 1042 compa-

231 1067 318 1118 ctum
339 1074 381 1117 ecc
403 1055 531 1117 Christo
552 1066 609 1130 cst,
633 1065 665 1117 et
687 1073 871 1117 connexum
891 1073 1094 1132 peromnem
1115 1060 1200 1117 iun-

230 1160 358 1213 ctarum
368 1150 735 1227 subministrationis&
743 1149 775 1209 in
788 1149 849 1208 lide
860 1152 896 1209 et
905 1148 1075 1210 charitate.
1085 1152 1200 1217 Quam-

232 1245 337 1305 obrem
359 1261 453 1320 qunm
475 1244 553 1304 satis
573 1258 754 1321 persuasum
781 1242 877 1303 Vobis
898 1242 1040 1302 omnibus
1059 1244 1201 1304 arbitre-

231 1341 313 1412 mur,
335 1339 535 1416 praecipuum
556 1338 714 1398 Ecclesiae
736 1339 849 1397 bonum
871 1354 911 1396 ex
933 1355 969 1398 eo
982 1337 1137 1409 derivari,
1162 1345 1198 1400 ut

231 1449 331 1505 nemo,
353 1433 414 1492 nisi
436 1450 492 1510 per
517 1433 621 1492 omnia
642 1433 812 1509 probatus,
835 1431 976 1491 clericali
997 1431 1199 1492 adscribatur

230 1525 379 1599 militiae;
403 1543 526 1592 necesse
549 1545 608 1586 non
625 1529 685 1598 est,
703 1528 738 1585 ut
754 1542 876 1599 eorum,
892 1542 970 1602 quae
986 1523 1017 1583 in
1034 1526 1114 1583 banc
1129 1543 1197 1585 rem

229 1620 441 1681 sanctionibus
456 1624 529 1681 sunt
543 1619 719 1680 constituta
733 1620 902 1692 canonicis,
916 1617 1196 1696 diligentissimam

230 1713 326 1774 Vobis
340 1715 589 1774 commendemus
610 1713 875 1774 observationem.
892 1714 955 1772 Pro
975 1730 1012 1771 eo
1026 1712 1121 1783 enim,
1135 1731 1196 1790 quo

229 1805 349 1866 incensi
370 1807 447 1867 estis
466 1807 594 1879 studio,
617 1806 647 1865 id
676 1805 912 1867 accuratissime
939 1804 1133 1882 perficietis,
1159 1811 1197 1867 ut

228 1900 281 1978 qui
303 1899 473 1961 sanctitate
488 1917 608 1961 morum
630 1918 689 1958 non
705 1902 879 1976 praestant,
895 1899 948 1975 qni
967 1899 1049 1959 docti
1065 1899 1097 1957 in
1124 1900 1195 1973 lege

228 1993 351 2054 Domini
369 1997 430 2052 ¹non
453 1996 539 2066 sunt,
555 1994 607 2070 qni
629 1993 752 2052 demum
774 1995 830 2052 aut
851 1992 982 2066 nullam,
997 1994 1055 2051 aut
1076 1993 1196 2053 tennis·

228 2086 337 2146 simam
349 2086 386 2144 de
398 2103 442 2156 se,
455 2103 570 2163 suaque
582 2084 741 2145 industria
751 2085 902 2161 praebent
912 2085 1193 2162 exspectationem,

228 2179 296 2238 illis
317 2180 356 2239 ad
378 2177 620 2238 ecclesiasticam
643 2178 791 2239 militiam
813 2179 920 2239 nullus
939 2182 1048 2256 pateat
1069 2180 1194 2255 aditns;

227 2292 265 2332 ne
287 2272 339 2350 qui
361 2273 450 2332 vobis
472 2289 581 2331 manus
602 2272 715 2331 debent
729 2272 902 2333 adiutrices
916 2272 949 2331 in
964 2274 1130 2349 pascendo,
1145 2293 1196 2334 re-

227 2365 385 2442 gendoque
408 2381 504 2442 grege
526 2365 687 2439 exhibere,
710 2363 734 2424 ii
755 2364 856 2444 labori
878 2370 987 2426 vestro
1007 2367 1127 2426 addant
1147 2369 1194 2428 la·

227 2460 354 2533 berem,
376 2458 553 2518 molestiam
581 2459 768 2532 molestiae,
791 2459 916 2536 sintque
946 2459 1034 2518 vobis
1060 2460 1193 2536 impedi-

226 2557 343 2626 mento,
366 2571 404 2612 ne
425 2570 476 2613 eos
498 2552 607 2613 vineae
629 2552 751 2613 fructus
765 2552 914 2613 Dominus
935 2571 954 2612 a
975 2551 1040 2612 suis
1059 2553 1192 2612 cultori-

226 2649 282 2707 bus
297 2646 443 2723 accipiat,
459 2664 536 2723 qnos
550 2648 582 2706 in
596 2647 697 2708 futuri
713 2645 922 2707 retributione
938 2645 1046 2705 iudicii
1061 2663 1079 2707 a
1094 2647 1191 2706 Vobis

226 2740 442 2801 severissimus
464 2758 582 2817 aeque,
605 2757 641 2799 ac
667 2737 860 2800 iustissimus
888 2742 1017 2799 exactor
1044 2740 1190 2802 Obristus

226 2834 377 2912 requiret.
401 2833 578 2893 Sanctitate
599 2833 773 2909 praecellat
794 2837 944 2910 oportet,
967 2837 1000 2892 et
1021 2833 1188 2905 doctrina,

226 2931 280 3008 qui
303 2930 444 2990 sacerdos
464 2932 513 2988 est
532 2928 679 2997 futurus3
702 2927 830 3004 repellit
850 2927 964 3005 qnippe
985 2945 1004 2987 a
1025 2945 1057 2987 se
1085 2929 1188 3000 DeuS,

226 3043 263 3083 ne
285 3022 462 3083 sacerdotio
484 3022 543 3081 sibi
564 3021 759 3098 fungantur,
782 3021 835 3097 qui
857 3020 1020 3082 scientiam
1042 3040 1061 3081 a
1081 3039 1113 3081 se
1136 3039 1190 3080 re·

225 3119 377 3195 pulerint,
401 3136 457 3179 ncc
477 3118 639 3195 operarius
660 3118 698 3178 ad
721 3136 849 3180 messem
871 3135 928 3195 par
949 3123 1101 3196 aptusque
1123 3139 1189 3180 esse

225 3217 341 3290 potest,
356 3213 409 3289 qui
431 3230 550 3272 morum
566 3212 680 3290 pietati
693 3213 897 3273 scientiarum
914 3230 973 3271 non
989 3213 1189 3274 coniunxerit

225 3307 339 3372 studia.
355 3308 442 3373 Quod
463 3323 558 3383 quum
580 3306 649 3366 fieri
665 3306 731 3366 sine
746 3313 895 3367 accurata
909 3305 1112 3368 institutione
1128 3327 1186 3368 non

287 3515 321 3568 (1)
339 3512 629 3571 comptissimum.
