2372 4198
39 311 146 385 parant,
159 308 260 368 veluti
283 307 444 385 perspicue
472 306 616 383 exempla
637 324 692 383 per
714 309 746 366 te
773 305 907 366 collecta
928 305 982 365 de-

40 405 208 474 monstrant,
224 406 257 462 et
279 401 379 461 voluti
393 413 432 460 sa
452 401 667 478 comprobent,
683 419 760 478 quae
783 418 881 477 nuper
902 400 981 460 inie-

37 495 80 554 lici
98 495 286 556 pictaviensi
307 495 431 555 intruso
453 495 635 555 acciderunt
655 496 711 573 (1).
733 495 859 556 Utinam
881 495 981 553 omni-

38 592 128 663 potens
147 593 230 650 Deus
250 593 303 650 det
325 591 552 650 incrementum
574 609 609 650 ac
630 591 727 650 robur
753 589 878 651 Nostris
902 590 982 651 tuis-

36 700 81 757 que
101 683 235 758 vocibus,
258 684 368 762 quibus
390 685 512 757 maiori,
538 703 599 761 qua
620 684 690 744 lieri
712 685 822 762 possit,
845 685 980 745 lenitate

36 776 211 851 studuimus,
234 784 267 837 et
288 778 448 840 studemus
469 779 570 838 adhuc
592 779 711 838 lucrari
743 784 887 840 errantes
916 781 980 838 Deo

35 889 79 948 per
97 875 283 934 charitatem
303 873 445 936 curiatii

82 969 204 1028 Gratias
226 967 322 1027 etiam
344 967 517 1026 reddendas
531 966 629 1027 Nobis
650 986 740 1043 quam
758 967 910 1030 maximas
924 987 982 1045 pu-

33 1061 87 1134 tas,
105 1079 139 1120 eo
159 1061 240 1138 quod
262 1060 348 1120 iussu
368 1060 486 1120 Nostro
507 1061 593 1119 vitae
619 1060 757 1120 subsidia
782 1063 982 1139 suppeditata

33 1153 134 1216 luerint
162 1154 324 1215 nonnullis
352 1153 505 1214 Dioecesis
535 1158 606 1213 tuae
628 1155 848 1216 ecclesiasticis
875 1157 979 1230 viris,

33 1250 75 1324 qui
94 1250 197 1310 domos
225 1266 296 1308 suas
318 1248 497 1323 relinquere
525 1248 624 1307 coacti
646 1248 677 1306 in
700 1250 851 1309 Nostrum
878 1249 981 1310 sinum

34 1357 86 1400 sese
106 1343 318 1402 coniecerunt.
336 1343 560 1402 Verumtamen
582 1346 670 1402 certo
682 1343 779 1403 Nobis
800 1361 980 1420 persuasum

33 1451 86 1494 esse
105 1436 196 1510 seito,
213 1452 364 1512 nusquam
387 1433 512 1508 iustius,
530 1453 695 1512 numquam
717 1454 803 1512 posse
818 1437 982 1498 liberalius

34 1530 142 1606 erogari
164 1527 325 1600 subsidia,
351 1545 442 1603 quam
465 1527 496 1585 in
519 1546 592 1600 eos,
618 1527 671 1606 qni
704 1532 833 1605 propter
858 1547 981 1591 causam

34 1621 134 1682 Christi
162 1638 272 1682 rerum
294 1638 421 1680 suarum
449 1621 610 1696 dispendia
631 1622 849 1697 pertulerunt,
869 1623 982 1700 quique

34 1713 61 1771 de
80 1716 202 1776 sedibus
224 1715 289 1774 suis
310 1715 532 1774 contumeliose
547 1717 580 1773 et
601 1713 758 1772 violenter
773 1714 878 1784 eiecti,
894 1733 984 1790 pera·

35 1813 115 1881 grant
135 1809 293 1886 regiones,
309 1814 402 1884 atque
423 1809 508 1867 inter
530 1807 653 1885 ignotos
675 1808 775 1867 vitam
797 1808 886 1883 quasi
907 1809 984 1868 soli·

34 1901 131 1961 teriam
147 1905 263 1980 degere
284 1901 526 1978 compelluntur.
547 1902 647 1961 Causa
667 1900 839 1960 communis
854 1904 913 1973 est,
929 1903 982 1962 sed

35 1991 59 2050 in
77 2013 125 2053 eos
146 1995 335 2072 praesertim
367 1993 482 2053 recidit
502 1993 749 2064 detrimentum,
773 1997 806 2052 et
834 2011 984 2053 conversa

34 2089 71 2146 est
88 2089 230 2162 vexatio,
246 2106 323 2164 quae
344 2089 467 2164 quidem
478 2129 487 2159 ,
515 2086 607 2146 iuxta
627 2089 768 2146 recentes
797 2087 924 2146 nuncios
944 2089 983 2146 ad

32 2177 83 2238 Nos
102 2182 237 2255 delatos,
252 2199 287 2239 eo
309 2181 370 2239 iam
387 2179 487 2251 venit,
504 2185 540 2238 ut
561 2198 600 2238 ex
616 2183 749 2258 utroque
770 2180 861 2241 Olore
876 2179 985 2241 Eccle-

32 2270 137 2333 siastioi
158 2275 238 2333 bene
263 2273 376 2344 multi,
399 2278 432 2332 et
453 2272 551 2349 aliqui
573 2272 669 2332 etiam
696 2291 736 2332 ex
764 2273 983 2334 confratribus

33 2363 141 2427 Nostris
163 2366 287 2427 inerint
308 2366 378 2424 odio
400 2366 583 2444 religionis,
604 2368 660 2425 aut
682 2366 713 2424 in
735 2366 863 2426 vincula
884 2367 985 2427 conie-

35 2460 76 2533 cti,
91 2466 145 2522 aut
160 2461 335 2521 crudeliter
351 2462 388 2519 ad
411 2464 547 2520 mortem
567 2459 652 2537 rapti
673 2466 766 2538 atque
787 2461 982 2538 interempti.

35 2551 99 2613 llino
119 2575 155 2615 eo
176 2557 242 2616 Nos
256 2555 359 2615 animo
379 2554 565 2631 comparati,
581 2572 641 2631 quo
663 2561 754 2614 erant
768 2555 800 2613 in
823 2554 919 2614 simili
933 2559 986 2614 re-

34 2659 91 2705 rum
110 2653 199 2709 statu
215 2650 328 2709 Patres
349 2648 439 2708 citati
461 2647 595 2709 Consilii
615 2648 817 2721 Turonensis,
834 2665 893 2706 non
915 2653 987 2709 tuos

34 2735 188 2803 dumtaxat
203 2741 420 2816 Dioccesanos,
437 2744 488 2801 sed
504 2741 582 2802 alios
603 2741 697 2801 etiam
713 2739 807 2816 primi
829 2744 862 2799 et
877 2759 985 2800 sccun-

32 2829 58 2887 di
76 2837 192 2896 ordinis
224 2835 451 2896 ecclesiasticos
479 2833 566 2894 viros
591 2833 725 2894 aliarum
757 2833 985 2910 gallicanarum

32 2922 226 3003 Dioeccsium,
242 2930 374 3006 benigne
389 2927 577 3004 excepimus,
593 2927 711 3004 iugiter
726 2927 864 3004 prompti
885 2946 919 2987 ac
934 2947 985 3005 pa·

33 3019 98 3093 rati,
113 3028 150 3083 ut
168 3024 320 3100 quantum
341 3022 373 3080 in
394 3019 490 3081 Nobis
511 3024 572 3093 est,
598 3019 774 3095 aperiamus
796 3020 842 3079 eis
864 3019 986 3080 viscera

32 3107 161 3189 pietatis,
179 3118 212 3174 et
234 3115 266 3174 in
281 3132 332 3174 cos
353 3131 475 3172 omnem
490 3113 711 3190 compassionis
731 3111 923 3172 effundamus
938 3113 986 3173 ai-

32 3199 149 3281 lectum,
165 3208 308 3286 ipsosque
329 3225 398 3267 cum
413 3205 497 3266 omni
511 3205 718 3267 beneficentia
738 3209 771 3265 et
785 3207 890 3284 gratia
903 3226 985 3268 oom-

30 3292 196 3366 plectamur
199 3345 261 3360 .....
279 3301 351 3360 Viri
369 3301 538 3377 prudentes
559 3304 643 3371 sunt,
660 3304 694 3358 et
716 3299 816 3359 multa
830 3293 983 3360 commen·

31 3384 140 3454 debiles
160 3395 337 3467 honestate,
354 3411 429 3470 quos
449 3392 597 3452 Dominus
618 3390 727 3470 elegit,
750 3395 910 3470 tamquam
930 3410 984 3452 au-

87 3503 119 3557 ‹1›
136 3507 196 3566 Peg.
214 3508 245 3555 22
261 3507 287 3554 et
303 3517 372 3566 seqq.
