2492 4202
92 342 282 402 Huiusmodi
308 345 414 402 autem
438 343 487 400 est
512 341 619 413 luror,
645 359 705 418 quo
732 343 880 403 aestuant
907 345 1001 418 atque

42 436 238 513 abripiuntur
260 434 393 508 inimici,
410 439 445 495 nt
459 436 523 496 Nos
544 435 693 494 immenso
715 435 810 496 animi
824 436 936 498 Nostri
949 438 1002 498 do·

42 529 99 588 lore
119 531 183 589 iam
207 529 371 590 rideamus
392 529 542 590 obnoxios
564 547 633 601 vos,
656 547 727 589 ven.
745 531 888 604 Fratres,
905 548 941 590 ac
956 531 1003 592 di·

43 621 108 682 lecti
129 622 222 697 Filii,
246 622 388 682 omuibus
408 623 475 683 illis
495 622 765 695 insectationibus,
787 641 866 700 quae
886 624 925 684 ab
946 624 1004 684 im-

43 715 165 791 pietate,
181 734 201 775 a
214 715 396 788 schismate,
412 718 446 774 et
459 715 499 775 ab
516 715 638 774 haeresi
658 716 833 793 excogItari
857 734 1002 794 umquam

43 810 218 884 potuerunt,
242 808 290 868 ita
311 806 429 872 utiam
450 808 577 870 Nostris
599 809 785 869 obversetur
805 811 904 871 oculis
924 816 1004 872 tam·

42 919 125 976 quam
148 901 330 979 proximum
351 903 543 962 momentum
559 901 651 974 illud,
666 921 726 978 quo
742 920 855 962 novum
877 905 910 964 et
932 922 1003 964 cru·

44 995 136 1055 delius
150 995 328 1072 periculum
351 994 409 1054 flat
429 997 467 1056 de
488 997 597 1055 restra
618 994 770 1073 religione
791 997 1002 1057 aofide.1am

43 1090 75 1148 ad
94 1090 158 1149 Nos
180 1105 292 1148 rumor
312 1089 428 1166 aliquis
450 1089 573 1149 delatus
594 1092 645 1149 est
664 1089 702 1148 de
723 1107 805 1150 nova
825 1090 1003 1150 huiusmodi

44 1181 257 1254 insectatione,
275 1199 334 1241 non
353 1185 464 1242 contra
484 1182 624 1242 homines
646 1185 745 1255 modo,
762 1185 827 1256 sed,
843 1185 922 1260 quod
937 1183 1003 1244 sine

42 1276 130 1334 animi
152 1278 287 1335 horrore
309 1275 411 1337 audiri
433 1292 493 1335 non
515 1280 630 1352 potest,
649 1279 789 1354 quodque
812 1277 933 1338 nefaria
954 1277 1003 1336 iu·

44 1369 227 1430 sectantium
248 1369 377 1446 ingenia
398 1369 572 1446 patefacit,
600 1372 751 1430 adversus
779 1371 876 1430 etiam
898 1388 1003 1431 sacras

44 1464 199 1542 imagines.
216 1465 284 1531 Quo
306 1464 338 1524 in
359 1483 467 1525 rerum
488 1465 670 1526 discrimine
692 1484 767 1542 opus
788 1467 923 1528 maxime
937 1470 1002 1540 est,

46 1563 75 1618 ut
92 1561 230 1620 Nostrae
252 1575 345 1618 voces
365 1561 403 1619 ad
426 1577 480 1619 vos
503 1559 696 1620 deferantur.

94 1653 140 1712 Ad
164 1651 353 1728 religionem
378 1653 459 1728 quod
480 1653 643 1728 pertinet,
671 1672 725 1712 vos
751 1655 879 1713 minime
909 1655 1000 1726 latet,

45 1763 232 1822 nequaquam
255 1745 406 1820 sufficere,
423 1750 459 1805 ut
474 1746 612 1806 iniuriae
626 1763 682 1823 per
697 1747 823 1823 aliquod
838 1748 1005 1809 dumtaxat

45 1842 160 1914 tempus
182 1838 304 1898 invicto
325 1838 471 1901 ferantur
497 1840 614 1912 animo,
637 1843 689 1899 sed
714 1859 789 1917 opus
811 1857 877 1900 esse
899 1843 930 1900 in
953 1860 1005 1901 ea-

42 1937 106 1996 dem
131 1932 313 1994 constantia
347 1933 385 1992 ad
413 1933 507 1992 finem
536 1951 632 2010 usque
660 1951 889 2010 perseverare,
916 1940 948 1995 et
973 1955 1004 1997 se

43 2049 189 2108 suumque
214 2028 330 2102 capnt,
355 2024 383 2085 si
407 2026 454 2087 ita
479 2043 528 2086 res
554 2028 711 2102 postulet,
740 2028 916 2101 clevovere3
944 2047 1004 2088 non

44 2127 117 2185 euim
141 2122 196 2200 qui
218 2118 389 2195 inceperit,
413 2119 465 2178 sed
488 2121 547 2195 qui
564 2123 820 2194 perseveraverit
840 2139 941 2198 arsque
962 2123 1006 2181 ud

43 2223 154 2294 finem,
179 2215 233 2275 hic
254 2214 363 2273 salvus
383 2214 448 2270 erit
469 2211 527 2290 (1).
549 2215 612 2284 Ea,
636 2231 728 2289 quam
755 2215 906 2274 hactenus
932 2232 1006 2292 prae

43 2313 125 2373 vobis
147 2305 359 2370 constantiam
381 2304 516 2377 tulistis,
534 2322 660 2382 sperare
679 2309 745 2368 Nos
765 2307 853 2368 iubet
873 2307 953 2381 iore,
970 2311 1007 2368 ut

41 2425 133 2482 acque
160 2401 343 2463 constantes
370 2395 475 2456 futuri·
493 2397 565 2458 sitis
587 2398 618 2456 iu
641 2402 824 2474 posterum,
854 2402 1006 2461 adversus

42 2500 269 2575 quodcumque,
294 2491 360 2551 sive
381 2491 601 2564 fortunarum,
624 2492 692 2550 sire
714 2492 800 2552 ritae
820 2495 917 2552 etiam
938 2494 1007 2553 dis·

40 2593 179 2663 crimen,
213 2587 294 2664 quod
325 2584 495 2646 Nobiscum
526 2585 605 2645 licet
631 2586 812 2645 absentibus
840 2586 905 2646 erit
932 2605 1005 2646 sane

41 2702 222 2754 commune,
251 2680 365 2758 quippe
391 2679 445 2756 qui
473 2682 597 2740 vestras
619 2696 784 2739 aerumnas
806 2679 854 2738 uti
875 2681 1008 2740 Nostras

41 2779 231 2841 babebimus.

97 2875 142 2934 Ut
163 2871 271 2930 autem
292 2867 367 2926 boni
387 2866 489 2942 magis
511 2865 620 2924 innuo
641 2865 802 2941 proposito
823 2865 1008 2924 confirmen-

40 2970 102 3040 tur,
126 2967 160 3024 et
182 2965 219 3023 ut
240 2961 333 3021 malis
355 2976 471 3019 novum
492 2957 700 3036 benignitatis
720 2960 855 3019 Nostrae
870 2959 1006 3035 spatium

39 3059 230 3118 concedatur
251 3057 287 3114 ad
310 3053 578 3130 resipiscendum,
609 3050 703 3111 sicuti
731 3052 795 3112 Nos
816 3053 853 3110 ed
877 3051 1008 3128 populos

40 3153 174 3214 Nostrae
196 3149 328 3209 ditionis
349 3146 575 3207 Areniouensis
602 3145 823 3206 etGomitetus
845 3144 1009 3205 Venaisini

41 3244 253 3306 extendendas
275 3241 421 3302 duximus
448 3241 571 3318 priores
599 3239 854 3300 commonitorias
881 3239 1009 3299 litteras

41 3339 99 3398 diei
124 3340 163 3398 13
185 3335 306 3414 Aprilis
327 3334 400 3395 anni
423 3335 520 3408 1791,
543 3333 678 3394 aNobis
699 3335 789 3394 datas
805 3331 931 3393 dilectis
952 3331 1010 3391 Fi·

100 3548 136 3602 (1)
151 3543 244 3594 Matth.
257 3555 313 3603 cap.
325 3543 357 3590 X.
370 3553 437 3596 vers.
446 3541 486 3590 di.

891 3627 909 3660 a
