2492 4202
11 159 13 276 l
447 212 625 276 -200-

11 309 12 346 ³
109 322 176 380 Hae
198 323 274 383 sunt
295 318 526 397 providentiae,
541 339 620 398 quae
640 321 678 381 ad
700 323 818 384 sartum
839 321 1017 397 tectamque

52 415 199 476 tuendam
213 413 398 490 religionem
415 413 534 485 velent,
550 416 585 473 et
599 415 636 474 ed
652 413 863 491 expeditiores
886 415 1018 474 redden·

51 507 103 567 das
125 507 269 568 rationes
283 525 319 568 ac
335 505 414 568 vias.
430 509 479 569 Ad
495 507 682 568 fidelitatem
698 525 774 568 vero
788 509 869 584 quod
883 511 1017 584 spectat,

50 601 146 662 Nobis
169 601 218 661 uti
240 601 385 678 legitimo
406 601 548 678 Principi
569 601 718 672 debitam,
741 601 823 660 haud
846 600 1015 678 ignoratis,

51 696 126 754 Ven.
144 696 292 766 Fratres,
313 712 349 755 ao
371 694 480 754 dilecti
500 694 589 767 Filii,
613 694 719 754 veluti
737 712 850 772 magna
871 695 901 754 in
926 699 1016 772 parte

50 804 98 846 res
119 807 145 870 a
162 787 253 848 vobis
275 791 382 866 gestae
404 790 638 862 demonstrant,
661 805 753 865 quum
774 791 863 848 arcto
888 788 1015 848 rinoulo

49 880 199 940 obstricti
222 879 393 940 teneamini
414 881 452 941 ad
475 881 565 940 illam
590 882 792 952 servandam,
816 899 884 941 cum
909 880 1016 940 divino

51 979 214 1051 praecepto
235 973 365 1050 quisque
380 974 527 1036 iubeatur
542 977 698 1052 lepitimis
711 975 836 1034 obedire
843 976 1015 1050 potestati·

48 1067 101 1126 bus
116 1065 180 1146 (l),
204 1083 334 1143 cumque
356 1067 386 1125 id
409 1068 549 1143 postulet
569 1066 783 1128 iusiurandum
804 1067 916 1144 ipsum,
934 1070 1013 1144 quod

49 1178 113 1233 vos,
136 1179 199 1219 non
222 1178 310 1220 secus
331 1164 424 1238 etque
437 1163 581 1222 maiores
603 1162 715 1235 vestri,
731 1161 920 1238 apostolicae
941 1160 1014 1219 huic

48 1255 118 1316 sedi
142 1256 361 1333 praestitistis,
377 1257 424 1318 ita
445 1261 482 1318 ut
501 1257 633 1317 debeant
653 1255 725 1316 boni
747 1255 841 1316 simul
862 1271 898 1314 ac
920 1254 1012 1327 mali,

47 1353 145 1424 quoad
165 1350 303 1427 ipsorum
326 1352 396 1412 lieri
418 1351 547 1428 poterit,
564 1351 644 1416 nibil
666 1351 813 1412 omittere
834 1367 939 1410 earum
962 1366 1014 1409 re·

51 1459 138 1515 rum,
170 1463 249 1520 quae
278 1445 395 1520 primos
416 1446 447 1504 in
470 1463 530 1522 que
556 1444 811 1506 sunt'fldelitate
838 1443 1011 1516 continere,

48 1553 186 1612 quaeque
207 1539 357 1597 secundos
377 1540 416 1599 ad
439 1538 647 1600 obedientiam
670 1537 790 1614 possint
810 1537 971 1608 reducere,
994 1554 1014 1596 a

49 1647 104 1704 qua
128 1633 350 1703 secesserunt3
372 1631 463 1708 idque
485 1637 521 1690 ut
540 1648 560 1691 a
581 1631 768 1690 necessitate
788 1631 852 1691 Nos
877 1630 1013 1690 liberent

50 1721 77 1780 in
98 1741 189 1788 usum
213 1724 345 1782 vocandi
366 1723 500 1785 fortiora
528 1725 682 1797 remedia,
706 1729 739 1784 et
759 1741 868 1783 manus
888 1723 1011 1784 meritis

50 1815 152 1888 poeuis
173 1816 352 1876 adhibendi.
455 1861 456 1866 η

11 1979 12 1994 ἶ
104 1908 237 1984 Egimus
257 1911 321 1970 Nos
342 1928 411 1970 cum
434 1910 511 1989 ipsis
532 1912 702 1973 rebellibus
724 1930 783 1973 non
806 1931 893 1972 secus
917 1916 1010 1989 atque

11 1999 12 2008 ’
47 2019 112 2061 cum
136 2002 225 2075 filiis,
247 2003 333 2063 etin
355 2007 423 2081 ipso
445 2006 668 2082 perduellionis
688 2013 777 2066 aestu
793 2006 932 2067 dedimus
946 2007 1010 2067 Nos

48 2097 210 2174 conspicua
232 2097 373 2174 utrisque
390 2099 539 2160 subsidia.
556 2098 678 2160 Scimus
692 2101 854 2178 antiquum
870 2100 1009 2177 regimen

50 2188 138 2249 buius
159 2193 285 2250 sanctae
306 2191 395 2252 Sedis
417 2194 455 2252 ab
477 2193 560 2252 omni
583 2193 732 2272 vectigali
758 2195 892 2254 liberum
916 2196 1009 2270 atque

48 2281 182 2341 immune
195 2281 347 2344 invidiam
364 2285 517 2346 excitasse
531 2286 669 2346 omnium
684 2288 880 2366 populorum
897 2293 930 2349 at
944 2305 1011 2348 sae-

49 2375 112 2450 pius
142 2375 390 2448 declaravimus,
412 2377 531 2454 siqui,
554 2379 651 2440 Nobis
672 2378 800 2452 insciis,
822 2380 905 2441 istuc
927 2380 1009 2441 irre·
1056 2397 1058 2400 ·

48 2467 181 2543 psisseut
201 2469 327 2542 ebusus,
346 2487 398 2530 eos
421 2470 507 2530 illico
528 2481 584 2547 per
605 2472 669 2532 Nos
690 2473 828 2534 ablatum
850 2479 884 2536 et
904 2492 1010 2534 emen-

49 2561 151 2621 datum
174 2561 229 2634 iri,
244 2579 313 2620 oum
335 2568 492 2638 nequeunt
512 2564 696 2640 populorum
719 2566 854 2629 arbitrio
876 2566 1009 2642 imperia

46 2655 160 2727 everti,
178 2673 343 2732 novaeque·
352 2655 516 2732 regiminis
530 2657 648 2718 formae
664 2662 782 2718 temere
796 2657 912 2718 induci.
930 2658 1010 2718 Hinc

46 2749 123 2808 nibil
144 2765 201 2825 per
220 2749 295 2821 Nos,
319 2750 398 2826 quod
421 2749 490 2817 fleri
511 2753 628 2826 posset,
650 2749 714 2811 fuit
738 2753 1006 2827 praetermissum,

45 2839 87 2902 ita
109 2845 146 2900 ut
167 2859 293 2918 sperare
315 2843 466 2920 possimus
488 2843 644 2915 futurum,
662 2845 698 2903 ut
713 2843 847 2904 rebelles
866 2843 939 2921 ipsi,
955 2844 1008 2903 ubi

46 2934 202 2998 fanatismi
223 2941 328 2997 aestus
347 2937 579 3014 aliquantulum
606 2937 818 3011 deferbuerit,
840 2955 1008 3015 agnoscere

44 3030 175 3098 debeant
200 3031 364 3090 horrorem
390 3049 517 3090 suorum
541 3031 730 3104 criminum,
757 3051 834 3092 onus
855 3050 1008 3091 novorum
1066 3101 1070 3108 Ι

13 3119 17 3124 ’
45 3123 245 3200 vectigalium
267 3142 302 3183 eo
323 3122 535 3197 servitutum,
565 3128 672 3202 totque
701 3125 836 3194 aliorum
861 3126 1007 3203 gravium

47 3218 217 3288 malorum,
232 3216 343 3293 quibus
365 3218 513 3278 hactenus
534 3223 724 3294 caruerunt,
747 3220 919 3297 quibusque
943 3218 1001 3278 sub

44 3315 141 3387 apeoie
155 3311 321 3372 simulatae
337 3325 370 3372 eo
383 3311 615 3372 commentitiae
630 3312 790 3374 libertatis
804 3317 899 3374 erunt
917 3315 1006 3374 certo

103 3443 137 3497 (1)
148 3441 342 3502 S.Penl.llpiet.
355 3440 689 3500 adrom.oap.xn1.vere.
702 3445 724 3499 1,
736 3443 763 3490 et
773 3441 806 3490 ad
816 3443 892 3491 chr.
903 3446 1005 3492 c'.x111.

45 3527 108 3564 vers.
127 3520 165 3566 17.
923 3543 926 3554 2
