2498 4200
38 300 275 366 benevolentia.
291 301 427 362 Nostrae
449 298 532 360 enim
553 315 646 363 ouras
667 301 746 374 fuit,
770 319 830 362 non
853 303 918 363 sine
940 305 1011 382 plu·

39 397 120 456 rimo
143 395 308 457 Pontiiiaii
328 394 446 456 aerarii
467 395 644 472 dispendio,
658 397 750 457 illum
773 398 811 458 ab
831 397 1012 475 impenden-

40 490 81 550 tis
103 488 254 550 caritatis
275 488 455 550 discrimine
477 487 627 563 liberare,
649 507 779 568 eumque
801 493 932 569 paterne
946 509 1012 552 mo·

40 601 127 656 nare,
154 587 191 644 ut
212 583 251 644 ab
272 583 403 644 occultis
424 587 553 644 caveret
573 583 708 658 insidiis,
730 603 809 662 quae
830 585 901 660 sibi,
924 585 1012 649 Reli·

41 677 138 752 gioni,
157 682 192 737 et
203 676 347 754 publicae
362 677 458 738 etiam
474 675 612 737 utilitati
627 677 684 736 sub
697 677 835 754 imagine
852 680 1012 740 libertatis

40 772 251 849 parabantur.
266 771 300 831 Si
321 775 425 832 autem
441 770 479 830 ab
500 769 568 847 ipsa
590 773 766 847 temporum
788 770 959 847 varietate,
974 791 1010 835 ae

41 870 180 926 bumana
201 865 297 926 etiam
329 863 490 941 pravitate
518 864 646 941 aliquod
669 863 700 923 in
721 865 808 943 leges
830 864 1013 944 irrepsisset

42 961 171 1033 vitium,
196 959 304 1020 autin
326 976 435 1022 aarum
456 960 580 1036 partem
590 957 736 1019 inductus
750 959 863 1042 fnisset
883 961 1010 1036 abusus,

43 1059 154 1132 aperte
176 1053 277 1114 eidem
299 1053 560 1131 significavimus,
575 1055 650 1125 Nos,
666 1053 784 1115 auditis
798 1055 1014 1116 communita-

44 1149 139 1222 tibus,
157 1151 334 1226 promptam
350 1164 440 1224 opem
452 1146 668 1225 auxiliumque
682 1146 849 1220 allaturos,
859 1150 895 1208 ut
909 1147 1013 1210 omnia

44 1244 78 1302 ad
99 1244 229 1302 rectum
251 1240 389 1300 ordinem
411 1256 467 1318 per
488 1239 627 1300 debitam
647 1239 895 1300 emendationem
917 1257 1013 1304 revo-

46 1336 207 1393 ementur.
224 1335 326 1409 thue
347 1331 509 1392 dubitaret
530 1349 636 1405 nemo,
658 1331 746 1409 quin,
769 1331 955 1408 qnantooins
973 1331 1013 1392 li·

47 1433 140 1501 ceret,
157 1428 278 1488 Nostra
299 1415 534 1487 ooourreremns
547 1426 753 1498 auctoritate,
768 1424 1012 1487 deliberavimus

48 1522 127 1582 illiso
148 1521 235 1582 istuo
257 1521 385 1579 mittere
407 1519 564 1580 Dileotum
588 1519 708 1580 Filium
736 1519 896 1580 Ioannem
925 1517 1013 1582 Gele-

54 1619 134 1688 stiui,
161 1614 267 1674 virum
291 1613 401 1674 multis
422 1613 583 1674 Avenione
605 1614 683 1672 bene
704 1615 877 1692 cognitum,
900 1617 934 1674 et
954 1615 1013 1676 Go-

55 1710 178 1770 nitatus
200 1703 360 1774 Venaisini
381 1707 579 1783 negotiorum
601 1710 771 1784 gestorem,
794 1709 842 1780 ut,
864 1724 955 1783 quam
970 1706 1013 1766 oi·

52 1802 106 1862 tius
127 1801 202 1862 fleri
224 1801 342 1877 posset,
363 1799 569 1873 Anemonem,
585 1802 619 1860 et
639 1801 921 1879 Carpentoraotnm
943 1816 1014 1878 pro·

53 1899 185 1972 peraret,
209 1893 313 1970 ibique
333 1911 403 1953 eum
423 1895 541 1956 Nostro
561 1895 777 1973 Pro-Legato,
801 1911 921 1972 unaque
942 1911 1013 1954 oum

32 1979 270 2065 peritioribus,
292 2003 328 2046 ao
349 1987 607 2063 prudentioribus
634 1988 758 2048 civibus
780 1991 890 2066 ageret
911 1989 948 2048 de
972 1987 1012 2047 iis

56 2082 215 2161 capitibus,
238 2099 291 2142 seu
312 2079 471 2155 articulis,
493 2099 569 2158 quos
590 2082 758 2161 praecipue
779 2083 895 2160 optari,
918 2083 1013 2160 atque

59 2175 151 2252 expeti
172 2177 443 2251 agnosceretque
465 2174 678 2235 communibus
701 2175 785 2238 rotis
806 2176 1014 2239 obsecundare

55 2284 206 2344 possemus
227 2266 258 2324 in
281 2266 458 2327 statuendis
479 2266 530 2340 iis,
553 2285 632 2344 quae
652 2269 842 2346 convenire,
863 2273 1014 2348 opportu-

57 2379 146 2438 naque
157 2377 226 2420 esse
245 2359 474 2434 iudicarentnr3
491 2360 593 2421 veluti
607 2360 698 2421 binae
713 2363 851 2424 Nostrae
866 2363 898 2422 in
913 2362 1014 2424 forma

56 2455 161 2514 brevis
181 2453 327 2514 Litterae
348 2469 424 2531 prae
446 2471 477 2512 se
499 2453 618 2530 ferunt,
641 2454 763 2515 alterae
789 2457 829 2516 Vl
850 2455 1010 2516 GalMar-

56 2547 109 2608 tias
130 2545 301 2626 superioris
322 2545 397 2608 anni
419 2546 511 2606 datae
537 2546 614 2606 Vsa.
629 2546 747 2607 Fratri
760 2547 919 2624 Episcopo
934 2545 1015 2608 Gur-

53 2643 298 2716 pentoruoteasi,
314 2659 352 2701 uo
372 2639 509 2700 Dilectis
530 2640 629 2702 Filiis
644 2641 817 2718 Depututis
830 2660 852 2702 a
867 2638 1016 2702 comitiis

57 2736 254 2811 uouerulibus
274 2735 416 2794 eiusdem
438 2730 606 2806 Ciuitatis·
626 2735 746 2795 alterae
758 2735 804 2795 XI
824 2734 892 2796 Gal.
914 2735 1015 2795 Maias

58 2828 186 2888 eiusdem
207 2827 281 2888 anni
303 2827 438 2906 scriptae
453 2826 589 2888 Dilectis
603 2827 703 2887 Filiis
713 2827 891 2899 Nobilibus,
908 2835 940 2890 et
953 2827 1015 2886 Po-

57 2924 126 2993 pulo
147 2917 302 2980 Ciuitatis
321 2920 459 2980 Nostrae
479 2920 729 2980 Aveuioueusis.

111 3017 153 3074 nt
174 3013 305 3074 inutiles
325 3014 456 3074 luerunt
476 3012 600 3072 omnino
621 3012 845 3074 beneficentiae
865 3011 1014 3085 Nostrae,

61 3104 179 3166 inutiles
207 3112 358 3183 paternae
384 3106 594 3182 monitiones,
618 3107 743 3167 inutilis
772 3105 927 3185 profectio
954 3108 1016 3167 De-

61 3202 159 3282 legati.
182 3203 275 3266 Cives
296 3204 378 3265 enim
400 3205 635 3267 Aveniouenses
655 3205 759 3265 minue
783 3204 847 3265 rite
875 3203 908 3265 in
936 3203 1015 3264 (lon-

63 3303 180 3358 rentum
200 3298 301 3360 ooaeti
322 3298 451 3360 illorum
473 3300 676 3360 Deeratorum
698 3298 873 3377 praesidio,
896 3315 1016 3378 quasa

63 3391 166 3452 Nostro
186 3393 387 3471 Pro-Legato
407 3396 621 3465 extorserant,
637 3410 776 3469 quaeque
798 3411 817 3454 a
836 3391 934 3454 Nobis
948 3391 1015 3452 ina·

65 3485 110 3546 nia
134 3487 224 3562 atque
244 3484 341 3548 irrita
359 3485 520 3547 declarata
535 3485 597 3545 iam
610 3483 749 3558 fuerant,
765 3484 1011 3569 Arenionanses,

150 3605 205 3656 Vol.
224 3605 250 3656 I.
891 3609 921 3655 12
