2456 4192
299 324 395 396 Haee,
417 320 538 382 Dilecto
560 321 636 396 Fili,
659 322 697 381 ad
719 321 861 382 Litteras
883 321 979 391 Tuas,
997 317 1087 379 nulla
1109 318 1224 378 inter·

228 416 345 496 posita
359 433 460 488 mora,
475 415 639 476 scribenda
656 415 812 476 duximus.
832 415 928 476 Oerta
948 431 1004 474 nos
1026 430 1099 490 spes
1121 415 1224 472 tenet

241 513 320 584 fore,
335 512 373 569 ut
386 509 433 570 ita
452 509 549 569 etiam
570 509 602 568 in
625 512 785 587 posterum
800 510 845 568 Te
859 507 1021 585 praebeas,
1039 509 1076 566 ut
1091 507 1223 566 iustam

242 605 410 664 habeamus
434 621 453 662 a
478 605 510 661 te
533 601 811 662 commendationis
835 618 871 661 ao
895 599 1039 661 laetitiae
1066 617 1222 661 causam.

242 699 308 761 Nos
328 695 479 768 interim,
505 695 617 773 quibus
640 697 776 756 iucunda
799 696 854 756 abs
879 694 974 754 dubio
998 692 1061 753 init
1087 692 1124 753 in
1159 695 1224 754 hac

243 792 320 852 urbe
344 790 523 868 praesentia
549 793 639 864 Tua,
665 791 869 851 vehementer
894 787 1060 865 probamus
1087 786 1222 864 ingenii

244 883 312 964 Tui}
331 901 435 958 curas,
455 902 491 945 ec
513 883 619 946 studia
638 885 677 945 ad
698 882 895 960 Religionem
918 880 1065 942 tuendam
1089 879 1221 940 iamdiu

243 992 407 1050 conversa,
429 993 526 1053 eaque
548 977 620 1036 dum
641 975 802 1035 contendis
830 973 1002 1052 perficere,
1022 973 1070 1035 uti
1100 974 1224 1034 ierunt

243 1069 388 1131 Litterae
417 1071 522 1142 Tuae,
549 1067 655 1140 nobis,
681 1069 808 1145 Tuoque
833 1066 983 1128 Antistiti
1015 1070 1221 1130 monstrabit

242 1165 337 1236 Deus,
360 1180 453 1239 quam
473 1162 505 1221 in
528 1161 706 1222 Dominicae
728 1160 848 1221 Vineae
865 1160 953 1222 cultu
976 1160 1048 1220 Tibi
1076 1162 1219 1222 daturus

244 1257 288 1316 sit
308 1262 451 1334 partem:
478 1254 633 1333 Tibique,
661 1254 782 1316 Dileete
807 1254 891 1328 Fili,
913 1255 1131 1332 Apostolicam
1158 1261 1220 1318 Be-

244 1348 453 1409 nedictionem
477 1346 590 1408 intimo
613 1347 714 1408 cordis
736 1347 849 1408 affectu
870 1365 906 1408 ac
925 1353 1137 1424 peramanter
1161 1351 1218 1410 im·

244 1441 412 1519 partimur.

305 1537 420 1596 Datum
433 1537 550 1594 Romae
564 1535 645 1612 apud
659 1535 809 1595 Sanctum
819 1536 964 1608 Petrum,
977 1537 1022 1596 IV
1031 1537 1146 1596 Nonas
1159 1539 1216 1598 Fe·

245 1629 390 1690 bruerias
404 1629 594 1702 MDGGXGI,
607 1628 813 1690 Pontificatus
827 1630 937 1691 Nostri
951 1632 1041 1691 Auno
1056 1631 1153 1691 XVI.

746 1718 900 1782 Callistus
919 1722 1093 1784 Mur-iuius

684 1831 705 1874 o
725 1814 858 1875 Latinis
878 1815 1037 1893 Epistolis
1056 1816 1173 1880 SSmi.

669 2004 797 2062 ml.

563 2127 756 2172 munnerrnr
777 2129 899 2201 rsnrar

652 2245 807 2306 ALEONI

549 2376 707 2455 Episcopo
737 2377 912 2439 Toloueesi

462 2527 634 2610 PIUS
683 2529 876 2607 PAPA
926 2530 994 2608 VI.
1065 2543 1072 2557 ·

368 2708 455 2764 ven.
470 2707 610 2778 Frater,
625 2709 778 2766 salutem
799 2710 834 2765 et
853 2708 1094 2777 apostolicam

582 2803 878 2862 Benedictionem.

308 2936 433 2998 Doloris
453 2936 604 2996 lacrimae
618 2937 730 3014 quibus
744 2937 880 3014 scriptae
894 2938 1024 2999 fuerunt
1037 2941 1212 3016 postremae

247 3031 391 3092 Litterae
413 3032 499 3091 Tuae
521 3030 583 3091 diei
598 3031 637 3090 17
651 3030 802 3104 Ianuarii,
819 3032 891 3090 dum
905 3049 958 3092 eas
979 3031 1130 3108 legimus,
1146 3050 1223 3117 oum,

247 3124 376 3184 Nostris
396 3123 566 3200 permistae
594 3127 669 3184 sunt
689 3130 722 3184 et
742 3125 897 3186 confusae.
921 3128 985 3186 Nos
1007 3126 1211 3185 vehementer

248 3221 352 3278 tecum
367 3234 473 3277 coram
486 3221 551 3280 Deo
565 3218 618 3278 diu
634 3223 786 3297 noctuque
806 3217 1041 3297 ingemiscimus
1055 3217 1211 3280 Ecclesiae

249 3308 354 3382 malis,
366 3329 444 3388 quae
455 3311 574 3373 saeculi
588 3311 774 3391 improbitas
787 3311 896 3372 reddit
908 3312 941 3370 in
957 3312 1023 3372 dies
1038 3312 1208 3373 acerbiora.

248 3406 338 3487 Nulli
359 3408 517 3485 parcimus
538 3408 649 3483 labori,
673 3412 709 3470 ut
730 3407 964 3486 procurationis
984 3410 1127 3471 Nostrae
1148 3409 1222 3466 mn}

251 3518 327 3562 nera
341 3501 550 3580 compleamus
564 3518 583 3562 a
596 3505 658 3563 Deo
672 3505 889 3579 exspectantes
903 3503 1027 3563 beatam
1044 3501 1212 3580 repromis-
