2492 4202
441 243 479 259 ..
500 213 560 275 285
582 247 619 259 .-

44 325 174 384 habitae
197 323 248 382 die
271 323 309 384 19
329 320 467 382 Ianuarii
489 320 631 398 proxime
653 321 836 399 praeteriti,
859 319 1011 380 fraterni-

43 419 167 478 tatibus
190 417 329 489 vestris,
346 415 516 492 vobisque,
536 413 645 474 dilecti
666 415 724 474 filii
747 413 933 474 dioecesium
955 416 1010 474 ad-

43 510 306 582 ministratores,
322 508 518 568 concedimus
539 525 596 585 per
618 510 798 585 praesentes
819 507 945 568 litteras
967 506 1012 567 f·
1104 511 1106 518 “

44 602 212 676 cultates,
233 611 475 679 preterquam,
499 610 529 662 ct
549 601 640 660 modo
669 605 705 661 in
731 603 860 662 udaeam
881 603 1010 662 indulto

44 698 200 772 pancrati
222 697 455 772 caprimendis,
472 697 572 754 denuo
593 695 799 769 declarantes,
821 712 1010 772 pernoram

44 791 125 850 banc
148 788 338 848 facultatum
353 788 579 848 concessionem
594 787 715 847 nullum
729 787 954 866 praeiudicium
967 788 1012 846 ir·

44 885 196 960 rogatum
219 880 261 940 iri
282 881 403 940 iuribus
422 881 453 941 in
469 881 668 958 praecedenti
689 880 812 941 indulto
827 881 1008 955 reservatis,

45 979 70 1037 si
91 994 176 1054 quae
199 976 275 1048 sint,
290 976 461 1052 quibusque
482 975 630 1036 fruantur
645 977 731 1035 sedes
751 975 875 1051 aliquae
896 975 1012 1051 epIsco-
1121 1039 1126 1050 Δ

44 1070 133 1148 pales
156 1087 252 1146 super
272 1069 361 1130 alias.

104 1164 297 1240 ceteroquin
320 1163 550 1237 confortamini,
564 1182 634 1222 ven.
647 1163 789 1235 Fratres,
806 1161 838 1220 in
858 1160 1008 1233 Domino,

45 1258 134 1318 etin
156 1257 302 1336 potentia
323 1249 455 1318 virtutis
477 1257 671 1334 eius,”atque
692 1256 794 1316 induti
816 1261 1010 1316 armaturam

43 1353 102 1414 Dei
118 1353 273 1414 adversus
293 1352 400 1430 mundi
422 1354 559 1411 rectores
580 1351 781 1412 tenebrarum
802 1351 927 1422 harum,
942 1367 1011 1408 cer·

45 1449 141 1520 tate,
165 1448 203 1504 ut
224 1444 394 1522 coepistis,
418 1449 574 1522 tamquam
597 1443 718 1504 streuui
740 1442 858 1503 milites
878 1441 1008 1503 Christi.

45 1542 157 1616 Neque
179 1538 262 1597 enim
283 1538 345 1599 alio
367 1538 485 1616 magis,
507 1554 599 1615 quam
622 1535 836 1596 tribulationis
858 1539 1009 1612 tempore,

47 1635 179 1710 oportet
205 1649 308 1692 sacros
335 1631 497 1692 antistites
524 1631 656 1691 solidam
685 1630 774 1691 illam
805 1629 1011 1690 christianam

47 1729 218 1799 virtutem,
240 1728 273 1785 et
294 1724 519 1784 sacerdotalem
542 1723 701 1801 praeferre
716 1722 934 1796 constantiam,
950 1742 1011 1800 qua

47 1822 141 1881 iuxta
163 1819 314 1880 monItum
336 1817 481 1897 Apostoli
502 1818 651 1879 instructi
673 1835 739 1878 esse
761 1817 884 1890 debent,
900 1828 937 1877 at
953 1835 1011 1893 po-

47 1922 155 1974 tentes
177 1915 245 1972 siat
265 1913 439 1972 auteriori
467 1915 504 1970 in
523 1913 675 1971 doctrina
695 1929 780 1971 sanc
790 1955 800 1984 ‚
827 1919 858 1971 ct
882 1897 1011 1988 eosqui

48 2006 303 2076 contradicunt,
327 2021 474 2081 urguere.
502 2006 530 2064 Α
550 2004 647 2066 Nobls
671 2008 776 2065 autem
804 2005 918 2064 cuncta
943 2006 1010 2062 tum

48 2098 231 2176 pontificiae
252 2097 452 2158 auctoritatis
473 2097 639 2175 praesidia,
662 2101 728 2157 tum
751 2102 899 2174 paternae
920 2095 1012 2155 bene·

49 2191 212 2252 velentiae
233 2191 413 2250 testimonla
434 2209 556 2268 semper
569 2194 761 2268 exspectate,
777 2209 908 2269 quorum
931 2189 1012 2250 inte·

47 2286 110 2346 rim
132 2284 248 2362 pignus
267 2284 377 2359 vobis,
400 2285 508 2345 dilecti
530 2285 589 2346 tilii
609 2287 742 2360 Nostri,
764 2305 836 2346 ven.
859 2287 1009 2360 Fratres,

49 2397 83 2438 ac
106 2378 217 2438 dilecti
238 2377 311 2451 filii,
327 2379 529 2456 apostolicam
550 2379 796 2440 benedictionem
812 2381 1011 2456 peramanter

49 2472 264 2550 impertimur.

109 2570 227 2628 Datum
248 2569 364 2628 Romae
386 2567 464 2644 apud
488 2567 520 2627 S.
537 2569 668 2627 Petrum
690 2567 746 2626 sub
767 2567 883 2627 annulo
903 2565 1011 2626 Pisca-

50 2661 141 2735 toris‚
164 2659 214 2721 die
233 2661 310 2720 XIX
323 2659 434 2721 Martii
449 2660 652 2733 MDCOXOII,
668 2659 875 2720 Pontificatus
899 2659 1010 2723 Nostri

50 2773 132 2816 anno
153 2755 270 2815 XVIII.

599 2849 703 2924 PIUS,
718 2848 771 2926 qui
785 2865 890 2926 supra.
