2372 4198
609 215 788 274 -318-

217 317 457 381 stitutionaiem‘
469 321 652 394 Ecclesiam,
669 339 715 392 re,
731 321 868 398 legibus,
891 326 926 380 et
949 321 1074 380 nomine
1099 339 1118 380 a
1137 323 1147 380 l

217 433 253 474 su
273 414 393 474 Christi
407 413 548 474 Ecclesia
568 414 736 487 diversam,
754 416 886 490 dumque
911 432 1008 474 manu
1028 433 1084 474 sua
1103 416 1158 473 sch'

218 507 312 567 smati
333 506 518 567 latissimam
541 507 658 566 sternit
677 507 774 566 viam.
797 508 882 574 Quod
901 511 938 568 ut
961 527 978 567 e
1000 508 1103 568 medio
1125 512 1153 566 to

216 601 321 674 latur,
338 600 406 659 iure
428 619 464 660 ac
485 602 598 660 merito
620 602 657 660 ad
680 604 819 663 sanctam
841 603 921 661 hanc
943 601 1057 662 Sedem
1081 619 1135 660 con

217 688 363 771 giendu'm
378 698 460 767 erat,
478 697 589 772 utpote
604 713 682 773 quae
697 695 815 756 iniuria
829 697 1022 774 praesertim
1037 695 1172 766 afficitur,

217 806 354 865 quaeque
376 792 585 865 opportunum
606 789 701 850 etiam
724 794 826 867 potest
846 791 998 850 adhibere
1021 790 1147 866 indulge

219 884 283 944 tiae
305 884 445 955 modum,
468 901 528 942 non
551 883 643 944 facila
670 885 875 962 ordinateque
897 885 1110 955 servandum,
1131 879 1171 940 ubi

220 977 400 1038 absolvendi
423 976 557 1037 facultas
577 977 749 1038 multorum
771 978 1016 1054 permitteretur
1038 976 1170 1036 arbitrio.

278 1069 407 1132 Minime
427 1075 513 1130 certe
534 1088 590 1130 vos
610 1071 710 1144 latet,
736 1090 806 1132 ven.
829 1073 977 1145 Fratres,
999 1073 1120 1146 quanta
1137 1087 1148 1126 s

219 1165 357 1224 veritate
371 1181 427 1223 usa
441 1164 487 1223 sit
499 1164 638 1224 Ecclesia
651 1164 801 1224 adversus
816 1163 993 1224 huiusmodi
1009 1182 1095 1224 reos.
1111 1163 1172 1223 Ani·

219 1263 420 1320 madvertens
439 1259 522 1318 enim
545 1259 576 1318 id
592 1260 671 1335 quod
694 1259 863 1320 intercedit
877 1258 1048 1318 discrimen
1071 1259 1159 1318 eosin

220 1357 282 1427 ter,
298 1354 351 1430 qui
367 1371 421 1412 suo
436 1351 611 1412 infortunio
632 1357 778 1430 parentes
793 1351 969 1413 haereticos
990 1352 1149 1412 habuerur

219 1451 253 1506 et
283 1447 458 1516 intereos,
485 1445 539 1523 qui
565 1464 583 1504 e
613 1446 794 1523 parentibus
826 1446 990 1507 catholicis
1026 1446 1150 1524 progeni

219 1543 328 1616 sponte
349 1557 405 1598 sua
429 1541 467 1599 ad
489 1539 721 1600 haereticorum
750 1546 856 1616 partes
877 1541 1168 1616 transgrediuntur,

219 1635 315 1694 aliter
335 1633 446 1705 factos,
467 1633 563 1694 aliter
585 1637 674 1694 natos
695 1634 868 1702 haereticos
890 1639 984 1711 atque
1009 1631 1157 1694 schismat'

219 1747 270 1788 cos
291 1744 412 1805 semper
433 1727 605 1800 tractavit,
626 1729 657 1786 in
680 1728 752 1788 illos
780 1729 870 1806 longe
891 1727 1051 1805 rigidior,
1076 1733 1141 1803 utpo

219 1823 312 1900 longe
344 1822 473 1900 gravius
505 1838 587 1882 reos.
609 1822 668 1881 Hic
695 1821 807 1900 agendi
834 1821 925 1898 rigor
957 1823 1063 1883 multo
1087 1821 1167 1880 etiam

219 1915 318 1992 magis
333 1914 493 1975 adhibitus
507 1917 557 1973 est
577 1913 609 1971 in
623 1914 858 1974 Ecclesiasticus
873 1912 976 1987 viros,
993 1913 1045 1974 ita
1059 1919 1094 1973 ut
1106 1913 1140 1972 sci

219 2025 287 2067 mus
309 2007 482 2067 adversus
474 2024 555 2084 ipsos
577 2008 733 2068 adhibitas
754 2006 850 2066 fuisse
865 2007 984 2081 minas;
1003 2010 1043 2069 ut
1064 2010 1092 2066 si
1109 2007 1155 2082 qui

217 2103 326 2161 studio
347 2103 390 2161 od
411 2101 609 2161 haereticum
630 2103 724 2173 ierit,
749 2109 780 2161 et
800 2103 976 2176 susceperit
1001 2099 1164 2160 ordinatio¹

218 2211 302 2267 nem,
319 2198 390 2255 sine
410 2197 589 2270 receptione
610 2197 653 2254 sit
667 2194 723 2273 (l).

277 2288 366 2348 Hunc
380 2288 536 2348 Ecclesiae
557 2289 670 2365 agendi
685 2288 820 2365 rigorem
835 2293 1065 2349 commemorat
1085 2286 1150 2347 Slu-

219 2380 429 2440 nocentiusl.
453 2381 601 2440 Scribens
622 2381 705 2440 enim
734 2383 772 2440 ad
795 2379 934 2452 Rufum,
957 2382 991 2440 et
1019 2377 1147 2441 alioslls

219 2474 365 2533 cedoniae
387 2473 544 2550 episcopos
566 2474 694 2548 docuit,
718 2474 911 2551 episcopum,
938 2477 997 2533 aut
1019 2474 1150 2534 clericum
1181 2533 1183 2556 Ι

218 2568 250 2626 in
266 2567 399 2640 haeresi,
416 2569 473 2627 eut
493 2565 660 2626 schismate
675 2566 868 2639 ordinatum,
885 2565 988 2624 senio
1004 2565 1086 2629 illud
1099 2565 1157 2642 post·
1181 2557 1183 2630 f

218 2662 342 2720 modum
354 2661 487 2737 lapsum,
500 2659 581 2720 laica
592 2663 715 2720 tautum
728 2657 940 2719 communione
952 2659 1158 2742 ganderaiur·

218 2758 253 2815 ta
273 2762 392 2815 veteres
413 2756 553 2831 repulus,
577 2771 659 2832 quas
680 2755 718 2814 ab
741 2755 906 2829 apostolis,
924 2757 976 2814 vel
997 2751 1157 2831 apostolicis

217 2851 300 2908 viris
315 2849 457 2908 traditas
469 2847 615 2908 Ecclesia
626 2849 778 2906 Romana
797 2846 937 2906 custodit
948 2845 1007 2925 (2).
1022 2849 1065 2907 Et
1074 2861 1158 2924 quen·

217 2942 266 3002 vis
295 2959 313 3002 a
340 2941 490 3002 Patribus
517 2939 650 3000 Concilii
677 2940 809 3002 Nicaeni
834 2939 1156 3017 lquidamadhibitns

276 3136 312 3191 (l)
329 3133 414 3182 Verba
430 3135 491 3182 sunt
506 3133 667 3183 constantini
679 3133 830 3194 Cypriorum
848 3135 1025 3193 Metropolitae
1035 3135 1062 3182 lu
1072 3130 1155 3180 Actum

214 3213 297 3272 prime
306 3213 403 3273 synodi
412 3216 470 3262 VII.
482 3215 615 3273 generalis,
627 3215 701 3262 relat.
713 3215 840 3262 aLabbec
850 3215 878 3262 in
887 3215 986 3264 nudes.
999 3213 1099 3264 collect.
1110 3213 1155 3260 con·

214 3289 257 3337 cil.
268 3290 373 3336 Antonii
382 3291 456 3336 Zatta
465 3291 526 3336 tom.
537 3291 595 3335 XII.
607 3289 655 3336 col.
669 3291 738 3337 1048.
748 3291 805 3348 post
815 3290 853 3335 lit.
867 3291 895 3338 (l.

278 3366 313 3420 (2)
323 3365 405 3424 ltplst.
416 3365 495 3410 XXII.
508 3364 540 3411 od
549 3365 651 3420 Rufum,
665 3365 777 3423 altosque
787 3365 927 3424 Episcopus
937 3364 1094 3412 Macedoniae
1103 3355 1152 3418 apri

214 3440 345 3488 Labbeum
354 3440 397 3488 cit.
408 3439 505 3490 norim
513 3439 615 3490 colleot.
623 3440 728 3487 Antonii
738 3441 811 3489 Zatta
820 3442 882 3487 tom.
891 3442 939 3488 111.
952 3440 999 3488 col.
1009 3441 1073 3488 1060.
1084 3439 1150 3489 etseq·

214 3529 285 3567 num.
297 3517 321 3565 t.
333 3519 359 3564 et
368 3518 389 3564 ι.
