<?xml version="1.0" encoding="UTF-8"?>
<!DOCTYPE html PUBLIC "-//W3C//DTD XHTML 1.0 Transitional//EN"
    "http://www.w3.org/TR/xhtml1/DTD/xhtml1-transitional.dtd">
<html xmlns="http://www.w3.org/1999/xhtml" xml:lang="en" lang="en">
 <head>
  <title>
</title>
<meta http-equiv="Content-Type" content="text/html;charset=utf-8" />
  <meta name='ocr-system' content='tesseract 3.04.00' />
  <meta name='ocr-capabilities' content='ocr_page ocr_carea ocr_par ocr_line ocrx_word'/>
</head>
<body>
  <div class='ocr_page' id='page_1' title='image "./piivipontmaxact00piusgoog_0303.png"; bbox 0 0 2492 4202; ppageno 0'>
   <div class='ocr_carea' id='block_1_1' title="bbox 194 284 1232 2400">
    <p class='ocr_par' dir='ltr' id='par_1_1' title="bbox 267 284 1232 1302">
     <span class='ocr_line' id='line_1_1' title="bbox 329 284 1232 364; baseline -0.009 -14"><span class='ocrx_word' id='word_1_1' title='bbox 329 289 379 350; x_wconf 82' lang='lat'><strong>14.</strong></span> <span class='ocrx_word' id='word_1_2' title='bbox 394 291 592 352; x_wconf 82' lang='lat' dir='ltr'><strong>Potestatem</strong></span> <span class='ocrx_word' id='word_1_3' title='bbox 611 286 845 364; x_wconf 76' lang='lat' dir='ltr'><strong>subdclcpundi</strong></span> <span class='ocrx_word' id='word_1_4' title='bbox 858 284 1056 362; x_wconf 78' lang='lat' dir='ltr'><strong>simplicibus</strong></span> <span class='ocrx_word' id='word_1_5' title='bbox 1069 284 1232 360; x_wconf 77' lang='lat' dir='ltr'><strong>prosbyte</strong></span> 
     </span>
     <span class='ocr_line' id='line_1_2' title="bbox 267 376 1230 457; baseline -0.008 -11"><span class='ocrx_word' id='word_1_6' title='bbox 267 381 314 446; x_wconf 81' lang='lat' dir='ltr'><strong>ris</strong></span> <span class='ocrx_word' id='word_1_7' title='bbox 333 381 521 456; x_wconf 58' lang='lat' dir='ltr'><strong>nonam,</strong></span> <span class='ocrx_word' id='word_1_8' title='bbox 536 400 598 442; x_wconf 93' lang='lat' dir='ltr'><strong>nou</strong></span> <span class='ocrx_word' id='word_1_9' title='bbox 619 380 818 457; x_wconf 73' lang='lat' dir='ltr'><strong>requirentes</strong></span> <span class='ocrx_word' id='word_1_10' title='bbox 837 379 988 440; x_wconf 86' lang='lat' dir='ltr'><strong>Ordinem</strong></span> <span class='ocrx_word' id='word_1_11' title='bbox 1007 376 1230 456; x_wconf 70' lang='lat' dir='ltr'><strong>epimopalcm,</strong></span> 
     </span>
     <span class='ocr_line' id='line_1_3' title="bbox 268 471 1229 556; baseline -0.004 -18"><span class='ocrx_word' id='word_1_12' title='bbox 268 493 349 556; x_wconf 81' lang='lat' dir='ltr'><strong>qnae</strong></span> <span class='ocrx_word' id='word_1_13' title='bbox 369 475 546 536; x_wconf 82' lang='lat' dir='ltr'><strong>Galliarum</strong></span> <span class='ocrx_word' id='word_1_14' title='bbox 572 473 814 550; x_wconf 86' lang='lat' dir='ltr'><strong>archiepiscopis</strong></span> <span class='ocrx_word' id='word_1_15' title='bbox 837 476 873 532; x_wconf 91' lang='lat' dir='ltr'><strong>et</strong></span> <span class='ocrx_word' id='word_1_16' title='bbox 898 471 1051 548; x_wconf 87' lang='lat' dir='ltr'><strong>episeopis</strong></span> <span class='ocrx_word' id='word_1_17' title='bbox 1072 489 1229 534; x_wconf 81' lang='lat' dir='ltr'><strong>concessae</strong></span> 
     </span>
     <span class='ocr_line' id='line_1_4' title="bbox 268 563 1230 650; baseline -0.008 -20"><span class='ocrx_word' id='word_1_18' title='bbox 268 569 401 634; x_wconf 81' lang='lat' dir='ltr'><strong>inerant</strong></span> <span class='ocrx_word' id='word_1_19' title='bbox 427 585 484 650; x_wconf 85' lang='lat' dir='ltr'><strong>per</strong></span> <span class='ocrx_word' id='word_1_20' title='bbox 510 567 671 628; x_wconf 91' lang='lat' dir='ltr'><strong>indultum</strong></span> <span class='ocrx_word' id='word_1_21' title='bbox 699 565 847 643; x_wconf 81' lang='lat' dir='ltr'><strong>generale</strong></span> <span class='ocrx_word' id='word_1_22' title='bbox 873 566 924 627; x_wconf 86' lang='lat' dir='ltr'><strong>die</strong></span> <span class='ocrx_word' id='word_1_23' title='bbox 947 565 986 625; x_wconf 89' lang='lat'><strong>10</strong></span> <span class='ocrx_word' id='word_1_24' title='bbox 1013 564 1134 624; x_wconf 87' lang='lat' dir='ltr'><strong>mensis</strong></span> <span class='ocrx_word' id='word_1_25' title='bbox 1163 563 1230 628; x_wconf 84' lang='lat' dir='ltr'><strong>Maii</strong></span> 
     </span>
     <span class='ocr_line' id='line_1_5' title="bbox 268 656 1232 740; baseline -0.007 -17"><span class='ocrx_word' id='word_1_26' title='bbox 268 659 440 740; x_wconf 85' lang='lat' dir='ltr'><strong>superioris</strong></span> <span class='ocrx_word' id='word_1_27' title='bbox 453 659 540 738; x_wconf 76' lang='lat' dir='ltr'><strong>anni,</strong></span> <span class='ocrx_word' id='word_1_28' title='bbox 554 658 807 736; x_wconf 73' lang='lat' dir='ltr'><strong>archiepiscopis</strong></span> <span class='ocrx_word' id='word_1_29' title='bbox 819 674 896 718; x_wconf 83' lang='lat' dir='ltr'><strong>vero</strong></span> <span class='ocrx_word' id='word_1_30' title='bbox 916 656 1092 720; x_wconf 88' lang='lat' dir='ltr'><strong>Parisiensi</strong></span> <span class='ocrx_word' id='word_1_31' title='bbox 1106 662 1145 718; x_wconf 91' lang='lat' dir='ltr'><strong>et</strong></span> <span class='ocrx_word' id='word_1_32' title='bbox 1158 659 1232 734; x_wconf 74' lang='lat' dir='ltr'><strong>Lug·</strong></span> 
     </span>
     <span class='ocr_line' id='line_1_6' title="bbox 268 751 1232 832; baseline -0.006 -16"><span class='ocrx_word' id='word_1_33' title='bbox 268 755 423 829; x_wconf 86' lang='lat' dir='ltr'><strong>duuensi,</strong></span> <span class='ocrx_word' id='word_1_34' title='bbox 444 757 540 832; x_wconf 90' lang='lat' dir='ltr'><strong>atque</strong></span> <span class='ocrx_word' id='word_1_35' title='bbox 560 751 793 830; x_wconf 79' lang='lat' dir='ltr'><strong>antiquioribus</strong></span> <span class='ocrx_word' id='word_1_36' title='bbox 811 751 965 828; x_wconf 88' lang='lat' dir='ltr'><strong>episcopis</strong></span> <span class='ocrx_word' id='word_1_37' title='bbox 991 751 1147 828; x_wconf 90' lang='lat' dir='ltr'><strong>cuiusque</strong></span> <span class='ocrx_word' id='word_1_38' title='bbox 1169 769 1232 829; x_wconf 90' lang='lat' dir='ltr'><strong>pro·</strong></span> 
     </span>
     <span class='ocr_line' id='line_1_7' title="bbox 268 845 1230 928; baseline -0.002 -21"><span class='ocrx_word' id='word_1_39' title='bbox 268 847 393 910; x_wconf 78' lang='lat' dir='ltr'><strong>vinciae</strong></span> <span class='ocrx_word' id='word_1_40' title='bbox 404 849 494 928; x_wconf 82' lang='lat' dir='ltr'><strong>regui</strong></span> <span class='ocrx_word' id='word_1_41' title='bbox 507 847 684 910; x_wconf 82' lang='lat' dir='ltr'><strong>Galliarum</strong></span> <span class='ocrx_word' id='word_1_42' title='bbox 698 850 888 926; x_wconf 82' lang='lat' dir='ltr'><strong>potestatam</strong></span> <span class='ocrx_word' id='word_1_43' title='bbox 902 845 1130 919; x_wconf 77' lang='lat' dir='ltr'><strong>subdelegandi</strong></span> <span class='ocrx_word' id='word_1_44' title='bbox 1144 846 1230 905; x_wconf 87' lang='lat' dir='ltr'><strong>etiam</strong></span> 
     </span>
     <span class='ocr_line' id='line_1_8' title="bbox 267 939 1231 1018; baseline -0.006 -14"><span class='ocrx_word' id='word_1_45' title='bbox 267 940 438 1004; x_wconf 77' lang='lat' dir='ltr'><strong>facultates</strong></span> <span class='ocrx_word' id='word_1_46' title='bbox 458 941 545 1016; x_wconf 88' lang='lat' dir='ltr'><strong>illas,</strong></span> <span class='ocrx_word' id='word_1_47' title='bbox 560 959 651 1018; x_wconf 89' lang='lat' dir='ltr'><strong>qnae,</strong></span> <span class='ocrx_word' id='word_1_48' title='bbox 674 941 766 1002; x_wconf 83' lang='lat' dir='ltr'><strong>iuxta</strong></span> <span class='ocrx_word' id='word_1_49' title='bbox 786 939 995 1000; x_wconf 87' lang='lat' dir='ltr'><strong>resolutiones</strong></span> <span class='ocrx_word' id='word_1_50' title='bbox 1018 939 1070 1000; x_wconf 89' lang='lat' dir='ltr'><strong>die</strong></span> <span class='ocrx_word' id='word_1_51' title='bbox 1085 939 1129 998; x_wconf 90' lang='lat'><strong>18</strong></span> <span class='ocrx_word' id='word_1_52' title='bbox 1150 958 1231 998; x_wconf 87' lang='lat' dir='ltr'><strong>man-</strong></span> 
     </span>
     <span class='ocr_line' id='line_1_9' title="bbox 269 1033 1230 1114; baseline -0.008 -16"><span class='ocrx_word' id='word_1_53' title='bbox 269 1036 314 1098; x_wconf 84' lang='lat' dir='ltr'><strong>sis</strong></span> <span class='ocrx_word' id='word_1_54' title='bbox 339 1036 499 1114; x_wconf 79' lang='lat' dir='ltr'><strong>Augusti,</strong></span> <span class='ocrx_word' id='word_1_55' title='bbox 523 1034 689 1114; x_wconf 84' lang='lat' dir='ltr'><strong>speciatim</strong></span> <span class='ocrx_word' id='word_1_56' title='bbox 714 1035 825 1096; x_wconf 88' lang='lat' dir='ltr'><strong>iisdem</strong></span> <span class='ocrx_word' id='word_1_57' title='bbox 845 1051 1009 1094; x_wconf 70' lang='lat' dir='ltr'><strong>coucemae</strong></span> <span class='ocrx_word' id='word_1_58' title='bbox 1029 1033 1167 1094; x_wconf 87' lang='lat' dir='ltr'><strong>fuerunt</strong></span> <span class='ocrx_word' id='word_1_59' title='bbox 1189 1033 1230 1092; x_wconf 83' lang='lat' dir='ltr'><strong>dic</strong></span> 
     </span>
     <span class='ocr_line' id='line_1_10' title="bbox 268 1127 1230 1208; baseline -0.006 -16"><span class='ocrx_word' id='word_1_60' title='bbox 268 1129 310 1192; x_wconf 69' lang='lat'><strong>26</strong></span> <span class='ocrx_word' id='word_1_61' title='bbox 330 1129 524 1208; x_wconf 79' lang='lat' dir='ltr'><strong>Septembris</strong></span> <span class='ocrx_word' id='word_1_62' title='bbox 552 1128 695 1207; x_wconf 87' lang='lat' dir='ltr'><strong>proxime</strong></span> <span class='ocrx_word' id='word_1_63' title='bbox 715 1127 894 1206; x_wconf 87' lang='lat' dir='ltr'><strong>praeteriti.</strong></span> <span class='ocrx_word' id='word_1_64' title='bbox 918 1129 986 1188; x_wconf 87' lang='lat' dir='ltr'><strong>Hae</strong></span> <span class='ocrx_word' id='word_1_65' title='bbox 1011 1130 1122 1188; x_wconf 86' lang='lat' dir='ltr'><strong>autom</strong></span> <span class='ocrx_word' id='word_1_66' title='bbox 1145 1127 1230 1188; x_wconf 83' lang='lat' dir='ltr'><strong>iacul-</strong></span> 
     </span>
     <span class='ocr_line' id='line_1_11' title="bbox 270 1220 1025 1302; baseline -0.007 -17"><span class='ocrx_word' id='word_1_67' title='bbox 270 1226 354 1285; x_wconf 86' lang='lat' dir='ltr'><strong>tates</strong></span> <span class='ocrx_word' id='word_1_68' title='bbox 368 1227 582 1302; x_wconf 81' lang='lat' dir='ltr'><strong>prorogantur</strong></span> <span class='ocrx_word' id='word_1_69' title='bbox 594 1224 634 1284; x_wconf 85' lang='lat' dir='ltr'><strong>ad</strong></span> <span class='ocrx_word' id='word_1_70' title='bbox 649 1227 774 1299; x_wconf 72' lang='lat' dir='ltr'><strong>tempus</strong></span> <span class='ocrx_word' id='word_1_71' title='bbox 788 1221 882 1282; x_wconf 90' lang='lat' dir='ltr'><strong>buius</strong></span> <span class='ocrx_word' id='word_1_72' title='bbox 896 1220 1025 1280; x_wconf 90' lang='lat' dir='ltr'><strong>indulti.</strong></span> 
     </span>
    </p>

    <p class='ocr_par' dir='ltr' id='par_1_2' title="bbox 270 1313 1226 1578">
     <span class='ocr_line' id='line_1_12' title="bbox 330 1313 1226 1393; baseline -0.004 -17"><span class='ocrx_word' id='word_1_73' title='bbox 330 1317 445 1376; x_wconf 85' lang='lat' dir='ltr'><strong>Omnes</strong></span> <span class='ocrx_word' id='word_1_74' title='bbox 466 1332 543 1376; x_wconf 84' lang='lat' dir='ltr'><strong>vero</strong></span> <span class='ocrx_word' id='word_1_75' title='bbox 564 1315 745 1393; x_wconf 85' lang='lat' dir='ltr'><strong>praedictae</strong></span> <span class='ocrx_word' id='word_1_76' title='bbox 766 1313 934 1375; x_wconf 79' lang='lat' dir='ltr'><strong>facultates</strong></span> <span class='ocrx_word' id='word_1_77' title='bbox 957 1315 1176 1374; x_wconf 86' lang='lat' dir='ltr'><strong>conceduntur</strong></span> <span class='ocrx_word' id='word_1_78' title='bbox 1191 1313 1226 1372; x_wconf 80' lang='lat' dir='ltr'><strong>cd</strong></span> 
     </span>
     <span class='ocr_line' id='line_1_13' title="bbox 270 1407 1220 1486; baseline 0 -18"><span class='ocrx_word' id='word_1_79' title='bbox 270 1425 397 1468; x_wconf 74' lang='lat' dir='ltr'><strong>amcam</strong></span> <span class='ocrx_word' id='word_1_80' title='bbox 417 1408 457 1470; x_wconf 86' lang='lat' dir='ltr'><strong>ab</strong></span> <span class='ocrx_word' id='word_1_81' title='bbox 477 1409 536 1468; x_wconf 87' lang='lat' dir='ltr'><strong>hac</strong></span> <span class='ocrx_word' id='word_1_82' title='bbox 556 1408 608 1468; x_wconf 89' lang='lat' dir='ltr'><strong>die</strong></span> <span class='ocrx_word' id='word_1_83' title='bbox 621 1407 836 1486; x_wconf 83' lang='lat' dir='ltr'><strong>incipientem,</strong></span> <span class='ocrx_word' id='word_1_84' title='bbox 852 1407 880 1466; x_wconf 91' lang='lat' dir='ltr'><strong>si</strong></span> <span class='ocrx_word' id='word_1_85' title='bbox 893 1407 1012 1466; x_wconf 83' lang='lat' dir='ltr'><strong>tamdiu</strong></span> <span class='ocrx_word' id='word_1_86' title='bbox 1027 1407 1147 1468; x_wconf 90' lang='lat' dir='ltr'><strong>borum</strong></span> <span class='ocrx_word' id='word_1_87' title='bbox 1161 1412 1220 1468; x_wconf 78' lang='lat' dir='ltr'><strong>tu·</strong></span> 
     </span>
     <span class='ocr_line' id='line_1_14' title="bbox 270 1498 819 1578; baseline 0 -18"><span class='ocrx_word' id='word_1_88' title='bbox 270 1516 382 1576; x_wconf 88' lang='lat' dir='ltr'><strong>porum</strong></span> <span class='ocrx_word' id='word_1_89' title='bbox 401 1498 565 1562; x_wconf 84' lang='lat' dir='ltr'><strong>calamitas</strong></span> <span class='ocrx_word' id='word_1_90' title='bbox 586 1498 819 1578; x_wconf 80' lang='lat' dir='ltr'><strong>perduraverit.</strong></span> 
     </span>
    </p>

    <p class='ocr_par' dir='ltr' id='par_1_3' title="bbox 270 1592 1223 1860">
     <span class='ocr_line' id='line_1_15' title="bbox 332 1592 1223 1672; baseline -0.003 -18"><span class='ocrx_word' id='word_1_91' title='bbox 332 1594 552 1654; x_wconf 78' lang='lat' dir='ltr'><strong>Conceduntnr</strong></span> <span class='ocrx_word' id='word_1_92' title='bbox 572 1597 739 1671; x_wconf 84' lang='lat' dir='ltr'><strong>praetcrea</strong></span> <span class='ocrx_word' id='word_1_93' title='bbox 758 1611 799 1654; x_wconf 84' lang='lat' dir='ltr'><strong>eo</strong></span> <span class='ocrx_word' id='word_1_94' title='bbox 820 1596 899 1672; x_wconf 71' lang='lat' dir='ltr'><strong>iope,</strong></span> <span class='ocrx_word' id='word_1_95' title='bbox 917 1595 952 1652; x_wconf 91' lang='lat' dir='ltr'><strong>ut</strong></span> <span class='ocrx_word' id='word_1_96' title='bbox 966 1593 1057 1652; x_wconf 92' lang='lat' dir='ltr'><strong>nullo</strong></span> <span class='ocrx_word' id='word_1_97' title='bbox 1079 1599 1172 1672; x_wconf 85' lang='lat' dir='ltr'><strong>pacto</strong></span> <span class='ocrx_word' id='word_1_98' title='bbox 1189 1592 1223 1654; x_wconf 85' lang='lat' dir='ltr'><strong>eis</strong></span> 
     </span>
     <span class='ocr_line' id='line_1_16' title="bbox 270 1685 1223 1766; baseline -0.002 -18"><span class='ocrx_word' id='word_1_99' title='bbox 270 1685 369 1748; x_wconf 86' lang='lat' dir='ltr'><strong>liceat</strong></span> <span class='ocrx_word' id='word_1_100' title='bbox 390 1687 500 1748; x_wconf 89' lang='lat' dir='ltr'><strong>iisdem</strong></span> <span class='ocrx_word' id='word_1_101' title='bbox 520 1688 569 1748; x_wconf 89' lang='lat' dir='ltr'><strong>uti</strong></span> <span class='ocrx_word' id='word_1_102' title='bbox 589 1693 683 1750; x_wconf 84' lang='lat' dir='ltr'><strong>extra</strong></span> <span class='ocrx_word' id='word_1_103' title='bbox 702 1689 780 1748; x_wconf 85' lang='lat' dir='ltr'><strong>fines</strong></span> <span class='ocrx_word' id='word_1_104' title='bbox 801 1706 875 1748; x_wconf 87' lang='lat' dir='ltr'><strong>suae</strong></span> <span class='ocrx_word' id='word_1_105' title='bbox 896 1687 1060 1760; x_wconf 89' lang='lat' dir='ltr'><strong>dioecesis,</strong></span> <span class='ocrx_word' id='word_1_106' title='bbox 1084 1707 1183 1766; x_wconf 89' lang='lat' dir='ltr'><strong>neque</strong></span> <span class='ocrx_word' id='word_1_107' title='bbox 1200 1689 1223 1746; x_wconf 91' lang='lat' dir='ltr'><strong>iu</strong></span> 
     </span>
     <span class='ocr_line' id='line_1_17' title="bbox 271 1781 1135 1860; baseline 0.002 -19"><span class='ocrx_word' id='word_1_108' title='bbox 271 1781 348 1842; x_wconf 88' lang='lat' dir='ltr'><strong>locis</strong></span> <span class='ocrx_word' id='word_1_109' title='bbox 369 1781 507 1841; x_wconf 89' lang='lat' dir='ltr'><strong>dominio</strong></span> <span class='ocrx_word' id='word_1_110' title='bbox 529 1781 614 1860; x_wconf 82' lang='lat' dir='ltr'><strong>regis</strong></span> <span class='ocrx_word' id='word_1_111' title='bbox 628 1781 884 1842; x_wconf 88' lang='lat' dir='ltr'><strong>christianissimi</strong></span> <span class='ocrx_word' id='word_1_112' title='bbox 897 1799 959 1841; x_wconf 93' lang='lat' dir='ltr'><strong>non</strong></span> <span class='ocrx_word' id='word_1_113' title='bbox 974 1782 1135 1843; x_wconf 86' lang='lat' dir='ltr'><strong>subiectis.</strong></span> 
     </span>
    </p>

    <p class='ocr_par' dir='ltr' id='par_1_4' title="bbox 194 1872 1226 2400">
     <span class='ocr_line' id='line_1_18' title="bbox 194 1872 1226 1946; baseline -0.003 -11"><span class='ocrx_word' id='word_1_114' title='bbox 194 1872 198 1880; x_wconf 87' lang='lat'><em>&#39;</em></span> <span class='ocrx_word' id='word_1_115' title='bbox 331 1876 460 1936; x_wconf 79' lang='lat' dir='ltr'><strong>Domum</strong></span> <span class='ocrx_word' id='word_1_116' title='bbox 482 1876 693 1934; x_wconf 87' lang='lat' dir='ltr'><strong>conceduntur</strong></span> <span class='ocrx_word' id='word_1_117' title='bbox 713 1876 770 1936; x_wconf 80' lang='lat' dir='ltr'><strong>sub</strong></span> <span class='ocrx_word' id='word_1_118' title='bbox 790 1892 830 1936; x_wconf 84' lang='lat' dir='ltr'><strong>eo</strong></span> <span class='ocrx_word' id='word_1_119' title='bbox 850 1876 1049 1946; x_wconf 76' lang='lat' dir='ltr'><strong>conditione,</strong></span> <span class='ocrx_word' id='word_1_120' title='bbox 1074 1879 1113 1936; x_wconf 90' lang='lat' dir='ltr'><strong>ut</strong></span> <span class='ocrx_word' id='word_1_121' title='bbox 1133 1875 1226 1936; x_wconf 83' lang='lat' dir='ltr'><strong>archi·</strong></span> 
     </span>
     <span class='ocr_line' id='line_1_19' title="bbox 270 1966 1223 2045; baseline -0.002 -19"><span class='ocrx_word' id='word_1_122' title='bbox 270 1966 428 2044; x_wconf 85' lang='lat' dir='ltr'><strong>episcopi,</strong></span> <span class='ocrx_word' id='word_1_123' title='bbox 450 1967 610 2045; x_wconf 88' lang='lat' dir='ltr'><strong>episcopi,</strong></span> <span class='ocrx_word' id='word_1_124' title='bbox 632 1986 668 2028; x_wconf 88' lang='lat' dir='ltr'><strong>ac</strong></span> <span class='ocrx_word' id='word_1_125' title='bbox 690 1969 876 2028; x_wconf 84' lang='lat' dir='ltr'><strong>dioecesium</strong></span> <span class='ocrx_word' id='word_1_126' title='bbox 904 1969 1178 2030; x_wconf 85' lang='lat' dir='ltr'><strong>administratores</strong></span> <span class='ocrx_word' id='word_1_127' title='bbox 1199 1969 1223 2026; x_wconf 89' lang='lat' dir='ltr'><strong>io</strong></span> 
     </span>
     <span class='ocr_line' id='line_1_20' title="bbox 269 2059 1224 2138; baseline 0.002 -20"><span class='ocrx_word' id='word_1_128' title='bbox 269 2059 424 2120; x_wconf 86' lang='lat' dir='ltr'><strong>exercitio</strong></span> <span class='ocrx_word' id='word_1_129' title='bbox 449 2059 669 2138; x_wconf 86' lang='lat' dir='ltr'><strong>cuiuscumque</strong></span> <span class='ocrx_word' id='word_1_130' title='bbox 690 2079 730 2120; x_wconf 86' lang='lat' dir='ltr'><strong>ex</strong></span> <span class='ocrx_word' id='word_1_131' title='bbox 751 2063 1002 2122; x_wconf 89' lang='lat' dir='ltr'><strong>commemoratis</strong></span> <span class='ocrx_word' id='word_1_132' title='bbox 1031 2063 1224 2124; x_wconf 83' lang='lat' dir='ltr'><strong>facultatibus</strong></span> 
     </span>
     <span class='ocr_line' id='line_1_21' title="bbox 270 2151 1223 2236; baseline 0.001 -26"><span class='ocrx_word' id='word_1_133' title='bbox 270 2169 417 2228; x_wconf 85' lang='lat' dir='ltr'><strong>expresse</strong></span> <span class='ocrx_word' id='word_1_134' title='bbox 438 2151 611 2226; x_wconf 80' lang='lat' dir='ltr'><strong>declarent,</strong></span> <span class='ocrx_word' id='word_1_135' title='bbox 627 2153 700 2216; x_wconf 88' lang='lat' dir='ltr'><strong>illas</strong></span> <span class='ocrx_word' id='word_1_136' title='bbox 714 2153 753 2212; x_wconf 89' lang='lat' dir='ltr'><strong>ab</strong></span> <span class='ocrx_word' id='word_1_137' title='bbox 774 2153 848 2230; x_wconf 89' lang='lat' dir='ltr'><strong>ipsis</strong></span> <span class='ocrx_word' id='word_1_138' title='bbox 869 2154 1007 2228; x_wconf 88' lang='lat' dir='ltr'><strong>concedi,</strong></span> <span class='ocrx_word' id='word_1_139' title='bbox 1031 2164 1223 2236; x_wconf 81' lang='lat' dir='ltr'><strong>tamquamo</strong></span> 
     </span>
     <span class='ocr_line' id='line_1_22' title="bbox 269 2241 1223 2326; baseline 0 -22"><span class='ocrx_word' id='word_1_140' title='bbox 269 2241 362 2304; x_wconf 81' lang='lat' dir='ltr'><strong>Sedis</strong></span> <span class='ocrx_word' id='word_1_141' title='bbox 382 2245 585 2322; x_wconf 78' lang='lat' dir='ltr'><strong>Apostolicae</strong></span> <span class='ocrx_word' id='word_1_142' title='bbox 607 2247 787 2323; x_wconf 70' lang='lat' dir='ltr'><strong>delcpotis:</strong></span> <span class='ocrx_word' id='word_1_143' title='bbox 808 2265 886 2324; x_wconf 86' lang='lat' dir='ltr'><strong>quae</strong></span> <span class='ocrx_word' id='word_1_144' title='bbox 908 2248 1083 2309; x_wconf 88' lang='lat' dir='ltr'><strong>declaratio</strong></span> <span class='ocrx_word' id='word_1_145' title='bbox 1112 2251 1143 2310; x_wconf 90' lang='lat' dir='ltr'><strong>iu</strong></span> <span class='ocrx_word' id='word_1_146' title='bbox 1169 2249 1223 2326; x_wconf 86' lang='lat' dir='ltr'><strong>ipso</strong></span> 
     </span>
     <span class='ocr_line' id='line_1_23' title="bbox 272 2338 773 2400; baseline 0.008 -6"><span class='ocrx_word' id='word_1_147' title='bbox 272 2339 361 2396; x_wconf 88' lang='lat' dir='ltr'><strong>actus</strong></span> <span class='ocrx_word' id='word_1_148' title='bbox 383 2340 492 2400; x_wconf 87' lang='lat' dir='ltr'><strong>tenore</strong></span> <span class='ocrx_word' id='word_1_149' title='bbox 514 2338 679 2400; x_wconf 88' lang='lat' dir='ltr'><strong>inserenda</strong></span> <span class='ocrx_word' id='word_1_150' title='bbox 700 2339 773 2400; x_wconf 92' lang='lat' dir='ltr'><strong>erit.</strong></span> 
     </span>
    </p>
   </div>
   <div class='ocr_carea' id='block_1_2' title="bbox 269 2541 1217 3268">
    <p class='ocr_par' dir='ltr' id='par_1_5' title="bbox 269 2541 1217 3268">
     <span class='ocr_line' id='line_1_24' title="bbox 329 2541 1217 2624; baseline 0 -22"><span class='ocrx_word' id='word_1_151' title='bbox 329 2541 461 2602; x_wconf 85' lang='lat' dir='ltr'><strong>Easdem</strong></span> <span class='ocrx_word' id='word_1_152' title='bbox 482 2541 672 2616; x_wconf 76' lang='lat' dir='ltr'><strong>facultates,</strong></span> <span class='ocrx_word' id='word_1_153' title='bbox 696 2542 851 2620; x_wconf 88' lang='lat' dir='ltr'><strong>rescripto</strong></span> <span class='ocrx_word' id='word_1_154' title='bbox 873 2545 905 2604; x_wconf 82' lang='lat' dir='ltr'><strong>S.</strong></span> <span class='ocrx_word' id='word_1_155' title='bbox 922 2545 955 2605; x_wconf 83' lang='lat'><strong>0.</strong></span> <span class='ocrx_word' id='word_1_156' title='bbox 969 2545 1008 2604; x_wconf 88' lang='lat' dir='ltr'><strong>de</strong></span> <span class='ocrx_word' id='word_1_157' title='bbox 1026 2542 1217 2624; x_wconf 84' lang='lat' dir='ltr'><strong>Propagnuda</strong></span> 
     </span>
     <span class='ocr_line' id='line_1_25' title="bbox 269 2631 1217 2713; baseline -0.002 -19"><span class='ocrx_word' id='word_1_158' title='bbox 269 2631 348 2694; x_wconf 78' lang='lat' dir='ltr'><strong>Fide</strong></span> <span class='ocrx_word' id='word_1_159' title='bbox 359 2633 420 2694; x_wconf 90' lang='lat' dir='ltr'><strong>diei</strong></span> <span class='ocrx_word' id='word_1_160' title='bbox 434 2635 472 2695; x_wconf 84' lang='lat'><strong>31</strong></span> <span class='ocrx_word' id='word_1_161' title='bbox 486 2634 559 2696; x_wconf 84' lang='lat' dir='ltr'><strong>Iulii</strong></span> <span class='ocrx_word' id='word_1_162' title='bbox 572 2636 662 2708; x_wconf 79' lang='lat'><strong>1794,</strong></span> <span class='ocrx_word' id='word_1_163' title='bbox 678 2639 786 2713; x_wconf 86' lang='lat' dir='ltr'><strong>postea</strong></span> <span class='ocrx_word' id='word_1_164' title='bbox 799 2636 953 2708; x_wconf 83' lang='lat' dir='ltr'><strong>concessit</strong></span> <span class='ocrx_word' id='word_1_165' title='bbox 967 2655 1011 2698; x_wconf 86' lang='lat' dir='ltr'><strong>sa.</strong></span> <span class='ocrx_word' id='word_1_166' title='bbox 1026 2655 1088 2698; x_wconf 87' lang='lat' dir='ltr'><strong>me.</strong></span> <span class='ocrx_word' id='word_1_167' title='bbox 1102 2639 1173 2700; x_wconf 90' lang='lat' dir='ltr'><strong>Pius</strong></span> <span class='ocrx_word' id='word_1_168' title='bbox 1185 2635 1217 2694; x_wconf 81' lang='lat' dir='ltr'><strong>Vl</strong></span> 
     </span>
     <span class='ocr_line' id='line_1_26' title="bbox 269 2726 1214 2806; baseline 0 -18"><span class='ocrx_word' id='word_1_169' title='bbox 269 2726 510 2806; x_wconf 83' lang='lat' dir='ltr'><strong>Archiepiscopo</strong></span> <span class='ocrx_word' id='word_1_170' title='bbox 539 2729 572 2790; x_wconf 86' lang='lat' dir='ltr'><strong>S.</strong></span> <span class='ocrx_word' id='word_1_171' title='bbox 595 2729 749 2790; x_wconf 90' lang='lat' dir='ltr'><strong>Dominici</strong></span> <span class='ocrx_word' id='word_1_172' title='bbox 776 2730 808 2789; x_wconf 90' lang='lat' dir='ltr'><strong>in</strong></span> <span class='ocrx_word' id='word_1_173' title='bbox 837 2730 933 2792; x_wconf 89' lang='lat' dir='ltr'><strong>Indiis</strong></span> <span class='ocrx_word' id='word_1_174' title='bbox 959 2730 1214 2796; x_wconf 82' lang='lat' dir='ltr'><strong>Occidentalibos,</strong></span> 
     </span>
     <span class='ocr_line' id='line_1_27' title="bbox 270 2817 1215 2901; baseline 0.002 -23"><span class='ocrx_word' id='word_1_175' title='bbox 270 2821 457 2882; x_wconf 85' lang='lat' dir='ltr'><strong>exercendas</strong></span> <span class='ocrx_word' id='word_1_176' title='bbox 478 2822 509 2880; x_wconf 90' lang='lat' dir='ltr'><strong>in</strong></span> <span class='ocrx_word' id='word_1_177' title='bbox 532 2821 572 2882; x_wconf 91' lang='lat' dir='ltr'><strong>iis</strong></span> <span class='ocrx_word' id='word_1_178' title='bbox 593 2821 753 2898; x_wconf 79' lang='lat' dir='ltr'><strong>praefatae</strong></span> <span class='ocrx_word' id='word_1_179' title='bbox 774 2822 895 2884; x_wconf 91' lang='lat' dir='ltr'><strong>insulae</strong></span> <span class='ocrx_word' id='word_1_180' title='bbox 923 2823 1024 2896; x_wconf 92' lang='lat' dir='ltr'><strong>locis,</strong></span> <span class='ocrx_word' id='word_1_181' title='bbox 1046 2843 1125 2901; x_wconf 88' lang='lat' dir='ltr'><strong>quae</strong></span> <span class='ocrx_word' id='word_1_182' title='bbox 1151 2817 1215 2895; x_wconf 78' lang='lat' dir='ltr'><strong>Regi</strong></span> 
     </span>
     <span class='ocr_line' id='line_1_28' title="bbox 270 2909 1215 2993; baseline 0 -23"><span class='ocrx_word' id='word_1_183' title='bbox 270 2909 537 2974; x_wconf 71' lang='lat' dir='ltr'><strong>Christianissimo</strong></span> <span class='ocrx_word' id='word_1_184' title='bbox 565 2913 705 2976; x_wconf 86' lang='lat' dir='ltr'><strong>subiecta</strong></span> <span class='ocrx_word' id='word_1_185' title='bbox 725 2933 824 2993; x_wconf 87' lang='lat' dir='ltr'><strong>nuper</strong></span> <span class='ocrx_word' id='word_1_186' title='bbox 845 2915 877 2974; x_wconf 92' lang='lat' dir='ltr'><strong>in</strong></span> <span class='ocrx_word' id='word_1_187' title='bbox 907 2916 1097 2993; x_wconf 89' lang='lat' dir='ltr'><strong>potestatem</strong></span> <span class='ocrx_word' id='word_1_188' title='bbox 1122 2919 1155 2975; x_wconf 86' lang='lat' dir='ltr'><strong>et</strong></span> <span class='ocrx_word' id='word_1_189' title='bbox 1177 2913 1215 2971; x_wconf 79' lang='lat' dir='ltr'><strong>do·</strong></span> 
     </span>
     <span class='ocr_line' id='line_1_29' title="bbox 271 3003 1214 3086; baseline 0.002 -22"><span class='ocrx_word' id='word_1_190' title='bbox 271 3003 402 3064; x_wconf 88' lang='lat' dir='ltr'><strong>minium</strong></span> <span class='ocrx_word' id='word_1_191' title='bbox 417 3006 512 3085; x_wconf 74' lang='lat' dir='ltr'><strong>Regis</strong></span> <span class='ocrx_word' id='word_1_192' title='bbox 532 3007 687 3069; x_wconf 76' lang='lat' dir='ltr'><strong>Catholici</strong></span> <span class='ocrx_word' id='word_1_193' title='bbox 708 3009 836 3068; x_wconf 87' lang='lat' dir='ltr'><strong>redacta</strong></span> <span class='ocrx_word' id='word_1_194' title='bbox 851 3008 978 3069; x_wconf 85' lang='lat' dir='ltr'><strong>fuerant</strong></span> <span class='ocrx_word' id='word_1_195' title='bbox 998 3009 1050 3068; x_wconf 84' lang='lat' dir='ltr'><strong>vel</strong></span> <span class='ocrx_word' id='word_1_196' title='bbox 1073 3010 1104 3069; x_wconf 91' lang='lat' dir='ltr'><strong>in</strong></span> <span class='ocrx_word' id='word_1_197' title='bbox 1126 3009 1214 3086; x_wconf 82' lang='lat' dir='ltr'><strong>poste·</strong></span> 
     </span>
     <span class='ocr_line' id='line_1_30' title="bbox 271 3098 1213 3178; baseline 0.001 -21"><span class='ocrx_word' id='word_1_198' title='bbox 271 3114 340 3158; x_wconf 89' lang='lat' dir='ltr'><strong>rum</strong></span> <span class='ocrx_word' id='word_1_199' title='bbox 360 3098 529 3178; x_wconf 81' lang='lat' dir='ltr'><strong>redigenda</strong></span> <span class='ocrx_word' id='word_1_200' title='bbox 555 3099 678 3169; x_wconf 85' lang='lat' dir='ltr'><strong>forent,</strong></span> <span class='ocrx_word' id='word_1_201' title='bbox 701 3101 739 3161; x_wconf 88' lang='lat' dir='ltr'><strong>ad</strong></span> <span class='ocrx_word' id='word_1_202' title='bbox 767 3118 846 3178; x_wconf 87' lang='lat' dir='ltr'><strong>quae</strong></span> <span class='ocrx_word' id='word_1_203' title='bbox 875 3101 1070 3163; x_wconf 79' lang='lat' dir='ltr'><strong>Gallicanum</strong></span> <span class='ocrx_word' id='word_1_204' title='bbox 1100 3100 1213 3163; x_wconf 79' lang='lat' dir='ltr'><strong>schisma</strong></span> 
     </span>
     <span class='ocr_line' id='line_1_31' title="bbox 272 3192 423 3268; baseline 0.013 -18"><span class='ocrx_word' id='word_1_205' title='bbox 272 3192 423 3268; x_wconf 84' lang='lat' dir='ltr'><strong>pervasit.</strong></span> 
     </span>
    </p>
   </div>
   <div class='ocr_carea' id='block_1_3' title="bbox 688 3400 839 3428">
    <p class='ocr_par' dir='ltr' id='par_1_6' title="bbox 688 3400 839 3428">
     <span class='ocr_line' id='line_1_32' title="bbox 688 3400 839 3428; baseline -0.02 0"><span class='ocrx_word' id='word_1_206' title='bbox 688 3400 839 3428; x_wconf 53' lang='lat' dir='ltr'><strong>*fit-¹·-</strong></span> 
     </span>
    </p>
   </div>
   <div class='ocr_carea' id='block_1_4' title="bbox 0 0 1253 4202">
    <p class='ocr_par' dir='ltr' id='par_1_7' title="bbox 0 0 1253 4202">
     <span class='ocr_line' id='line_1_33' title="bbox 0 0 1253 4202; baseline 0 0"><span class='ocrx_word' id='word_1_207' title='bbox 0 0 1253 4202; x_wconf 95' lang='lat' dir='ltr'><strong> </strong></span> 
     </span>
    </p>
   </div>
  </div>
 </body>
</html>
