2456 4192
294 301 335 362 Hi
355 300 497 380 proiecto
522 305 597 364 sunt
616 304 780 366 Pontificio
801 305 921 382 Optimi
943 305 1077 367 Maximi
1097 305 1131 365 in
1154 308 1202 367 'le

236 394 332 456 animi
353 414 469 458 mneos.
486 396 654 476 Reliquum
669 402 730 472 est,
747 402 784 460 ut
796 417 854 478 ego
868 417 988 477 quoque
1009 397 1203 477 patefaciam

234 489 309 549 Tibi
321 489 554 552 observantiam
568 492 600 552 in
616 494 660 552 Te
674 511 788 568 meam;
804 493 866 553 Tui
880 493 964 554 enim
980 511 1049 553 sum

633 583 714 648 ema
733 587 838 648 Mater

395 679 523 754 Romae,
545 680 596 740 die
616 681 687 740 XV.
711 681 892 742 Decembris
913 681 1088 744 Mnuoxc.

835 774 982 837 servitor

671 869 709 929 F.
733 870 774 930 X.
798 868 895 930 Caret.
918 871 957 931 dc
977 869 1116 931 Zalcda.

674 1039 755 1098 xv.

472 1159 624 1204 nurerum
644 1161 679 1204 ru
700 1161 830 1206 orsmaro
845 1160 952 1204 moran

363 1276 610 1337 GARLOTTAE
632 1277 774 1338 DUHAN
794 1278 847 1338 DE
867 1279 1069 1340 BUNIERIA

431 1425 621 1488 Abbatissae
641 1427 806 1490 Ecclesiae
827 1428 860 1489 8.
880 1427 993 1490 Goaris·

461 1579 618 1660 Plus
662 1553 843 1658 ΡΑΡΑ
891 1581 959 1658 ιι.

390 1749 528 1808 Dilecta
547 1749 585 1810 in
606 1751 744 1810 Christo
764 1751 1036 1823 Filia,sa1utem

411 1845 448 1901 et
468 1845 695 1914 apostolicam
714 1845 1010 1904 benedictionem.

291 1990 374 2056 Quae
396 1989 439 2048 sit
464 1987 613 2049 ecelesiae
641 1991 734 2062 tuae,
758 1989 875 2050 dilecta
895 1989 927 2048 in
951 1988 1079 2052 Christo
1100 1989 1197 2063 Filia,

231 2083 379 2156 conditio,
402 2101 481 2160 quae
503 2087 547 2152 te,
562 2087 723 2159 totamque
737 2082 919 2160 religiosam
940 2083 1198 2146 communitatem

230 2178 295 2239 tuis
309 2176 461 2237 creditam
483 2176 567 2258 curis
588 2178 734 2256 premant
754 2177 934 2254 angustiae,
958 2197 975 2238 e
995 2176 1118 2238 litteris
1133 2180 1197 2239 tuis

228 2271 456 2343 intelleximus,
479 2287 515 2330 ec
537 2287 618 2331 nova
636 2269 789 2330 moeroris
809 2288 903 2331 causa
923 2271 1057 2332 accessit
1071 2277 1198 2348 aposto·

230 2365 285 2427 lici
306 2363 397 2424 officii
412 2364 575 2439 servituti,
591 2382 683 2442 quam
701 2363 893 2425 acerbiorem
915 2363 947 2424 in
971 2365 1053 2426 diem
1074 2368 1200 2444 experi.

228 2475 311 2520 mur.
325 2460 419 2531 Deus,
432 2457 482 2518 cui
498 2460 610 2534 aperte
624 2462 698 2517 sunt
709 2456 823 2531 omnia,
836 2459 931 2536 atque
944 2459 1122 2537 perspicua,
1136 2459 1198 2520 sol·
1217 2453 1218 2456 '

141 2543 154 2560 f
229 2553 410 2617 licitudines
432 2551 547 2627 noscit,
563 2553 675 2631 quibus
696 2553 750 2614 diu
772 2557 926 2632 noctuque
944 2554 1146 2630 distinemur,
1162 2559 1198 2616 ut

229 2653 279 2710 tot
299 2647 421 2710 Galliac
443 2645 534 2706 malis
546 2645 662 2725 aliqua
681 2647 795 2708 idonea
807 2647 963 2708 afferatur
976 2645 1145 2723 medicina,
1161 2666 1196 2710 ac
1217 2683 1218 2694 ι

229 2761 335 2804 rerum
357 2742 470 2804 saltem
491 2739 660 2802 mitescant
680 2740 951 2821 perturbationes,
966 2758 1046 2820 qnae
1063 2759 1196 2820 regnum

229 2837 305 2900 olim
318 2833 587 2907 florentissimum,
600 2851 636 2895 ac
651 2834 808 2896 catholica
829 2833 985 2911 religione
1003 2835 1196 2913 spectatissi·
1217 2889 1218 2892 ,

229 2950 314 2993 mum
328 2931 361 2990 in
376 2927 543 2990 discrimen
564 2929 734 3004 adducunt3
751 2928 782 2987 in
799 2945 890 3006 quem
904 2927 1049 3014 finem-et
1062 2927 1196 3006 publicis

228 3029 261 3088 et
280 3023 414 3102 privatis
428 3022 572 3101 precibus
586 3022 703 3086 iamdiu
718 3039 825 3084 coram
836 3025 901 3083 Deo
916 3021 1124 3101 ingemiscere
1136 3040 1195 3081 non

229 3135 394 3180 cessamus.
417 3114 780 3178 Humanaeinflrmitati
804 3116 913 3176 datum
936 3116 1038 3177 adhuc
1062 3132 1125 3175 non
1149 3118 1196 3175 est

228 3218 351 3290 tempus
364 3215 398 3272 et
410 3212 535 3272 modum
555 3226 773 3289 praenoscere,
795 3224 855 3288 quo
876 3209 972 3269 finem
995 3207 1194 3270 tribulationi
1217 3239 1218 3246 ι

227 3307 435 3386 impositurus
449 3305 493 3367 sit
505 3308 600 3380 Deus,
615 3305 653 3368 ad
668 3322 759 3382 quem
775 3303 881 3365 nullus
902 3302 935 3362 in
958 3302 1194 3380 compunctione
1217 3387 1218 3392 γ

227 3401 329 3462 cordis
349 3397 504 3479 supplices
524 3399 646 3460 frustra
664 3395 828 3476 protendit
841 3413 962 3456 manns.
979 3396 1051 3458 Nos
1065 3395 1194 3456 interim

228 3494 374 3556 maximis
397 3494 456 3555 hac
480 3495 518 3554 de
539 3511 630 3555 causa
655 3489 753 3551 animi
782 3488 938 3568 angustiis
967 3506 1093 3568 pressos
1113 3486 1194 3550 omni
