2386 4194
646 237 683 250 -
707 205 765 266 164
788 237 827 250 —

254 329 339 384 mus,
363 310 425 372 libi
453 329 510 388 per
536 311 746 372 venerabilem
777 310 910 372 fratrem
939 312 1177 389 Arohiopisoopuu

254 404 473 476 Rhodiensem,
495 406 646 465 Nostrum
666 404 821 467 Nouoium
846 405 1022 480 reddendis,
1044 409 1123 482 teque
1145 421 1179 462 ro·

254 515 374 576 gamus,
390 499 426 558 ul
439 501 526 558 inam
547 499 666 575 regiam
689 499 910 559 suoloriiatem
933 516 1002 560 oum
1020 499 1125 560 Nostro
1141 498 1178 556 hoo

253 590 358 656 debito
378 589 550 651 catholicae
571 591 719 668 religioni
741 592 844 653 studio
864 591 1046 669 ooquogas.
1061 594 1115 662 lia,
1129 592 1177 650 dun

252 685 326 745 huie
345 702 423 763 erga
443 688 475 744 te
496 684 593 744 officio
618 685 851 759 satisfacimus,
873 685 966 746 raldo
991 684 1083 746 etiam
1104 684 1177 746 anino

252 778 370 839 Nostro
391 777 589 855 obsequimur
608 796 686 856 erga
705 779 1008 840 Maiestatemiuam
1023 780 1177 838 renovantes

252 873 453 950 apostolioam
474 871 740 946 benedictionem,
762 891 854 949 quam
878 889 919 932 ex
941 870 1054 932 intimo
1080 875 1177 948 patemo

252 967 345 1026 eorde
362 967 585 1044 depromptam·
598 965 668 1038 tibi,
683 965 843 1028 carissimo
864 965 897 1024 iu
918 965 1046 1027 Ohrisio
1066 963 1121 1024 Fili
1136 964 1176 1024 No·

252 1065 340 1132 ster,
365 1060 449 1120 inter
474 1059 613 1120 assiduas
634 1060 671 1120 ad
693 1061 790 1120 Deum
816 1076 873 1136 pro
897 1063 952 1131 te,
977 1061 1091 1136 tuoque
1111 1073 1175 1133 reguo

252 1152 492 1225 obsecrationes,
514 1149 727 1210 amantissime
749 1151 961 1229 impertimur.

291 1248 405 1312 Datum
431 1248 549 1305 Romae
576 1246 658 1322 apud
679 1246 712 1305 S.
729 1247 860 1306 Petrum
882 1246 938 1305 snb
958 1245 1086 1306 Annulo
1104 1245 1173 1305 Piso

251 1340 330 1401 toris
350 1340 400 1399 dio
420 1339 496 1399 XIII
515 1336 638 1415 ApriIIs
657 1338 848 1412 Mocoxffl,
870 1338 1084 1400 Pontificatus
1100 1333 1169 1398 Nolu'

249 1439 341 1496 Auno
361 1433 472 1496 xvss„
853 1487 857 1494 .

821 1526 1020 1588 Benedictus
1040 1527 1124 1604 ὃταν.

659 1732 784 1791 xxx.

406 1853 589 1899 osmssnro
608 1854 643 1896 ns
663 1851 794 1897 ouursro
806 1853 889 1895 runo
909 1853 1034 1910 nosrao

555 1996 903 2058 Looovlco

424 2155 627 2258 francorum
646 2155 731 2233 Κεφ·
752 2151 1040 2215 christianissimo

474 2310 508 2385 P
522 2307 591 2389 IU
606 2307 632 2386 S
679 2309 713 2384 P
726 2306 761 2383 Α
776 2309 809 2385 Ρ
824 2305 859 2382 Ἀ
906 2305 974 2383 VI.

309 2497 493 2556 cmisslms
513 2497 556 2554 in·
572 2495 711 2554 christo
731 2495 802 2553 rus
821 2497 964 2567 Noster,
985 2497 1128 2556 salntem

421 2594 456 2650 et
475 2590 711 2661 Apostolioam
737 2591 1035 2652 Benediutlonem.

304 2744 444 2817 Utinam,
459 2746 623 2806 carissime·
633 2746 666 2805 iu
679 2745 808 2808 Christo
824 2744 1005 2819 dunestor,
1023 2746 1055 2804 iu
1071 2763 1105 2804 ea
1115 2751 1167 2800 uuus

245 2839 461 2915 temporaneo
476 2839 650 2913 indidisses,
666 2857 743 2916 qnae
755 2882 764 2912 ,
781 2844 817 2899 ui
831 2838 959 2912 scribis,
975 2858 995 2901 a
1009 2839 1096 2918 regis
1107 2832 1169 2896 maie·

245 2935 327 2992 state
350 2936 405 2993 tua
425 2932 580 3012 uulgari,
603 2936 783 3010 ni'geslum
811 2925 1004 2994 hacteuusa
1030 2921 1168 2992 venerabili

244 3025 361 3086 Fratre
380 3028 498 3089 Nostro
525 3025 729 3087 IoaohimoS.
745 3028 785 3088 R.
802 3027 838 3086 Ε.
856 3025 1021 3086 cardinale
1041 3015 1168 3084 deBerui

245 3119 324 3194 apud
346 3120 409 3181 Nos
429 3117 641 3178 ministerium
663 3119 701 3178 ad
717 3117 856 3179 alterius
880 3135 986 3178 euram
1015 3121 1177 3195 operamqul

245 3207 418 3272 transferat
404 3215 468 3272 i.ur
492 3211 568 3272 (lum
590 3211 673 3270 enlm
692 3210 790 3272 Nobis
811 3228 868 3288 per
889 3211 1122 3272 humanissimus
1135 3201 1167 3261 lii

245 3306 331 3363 ieras
341 3303 390 3363 die
400 3304 441 3366 22
451 3303 559 3365 martii
571 3305 661 3365 datas
675 3303 852 3364 nunciasses
866 3301 957 3363 illum
968 3306 1008 3365 ab
1017 3323 1053 3364 eo
1063 3293 1166 3363 obeundo

243 3397 306 3458 Iam
327 3415 392 3457 esse
415 3396 588 3470 dimissum,
611 3397 649 3458 ad
670 3402 792 3458 demnas
814 3397 934 3457 doloris
955 3397 1056 3458 nostri
1078 3403 1165 3456 moso·

244 3507 321 3567 quae
343 3489 437 3552 istius
459 3509 535 3570 pene
564 3489 702 3569 qoutidie
723 3493 761 3552 sd
781 3492 845 3552 Nos
874 3490 1095 3569 perferuntur,
1114 3486 1176 3574 hell
