2386 4194
403 190 560 254 ..93-

41 299 152 371 consilio,
164 298 217 360 nisi
230 317 269 360 ax
284 299 426 375 pluribus
444 300 542 379 ipsius
563 300 686 364 consilii
707 301 866 380 suffragiis
880 321 963 364 amo·
1064 352 1072 366 ,

41 410 105 452 vera.
120 393 187 460 Quid
207 393 261 452 hoc
282 393 367 455 aliud
388 397 438 455 est
458 395 592 470 scilicet,
608 412 700 472 quam
721 395 819 470 selle,
836 397 872 456 ut
887 415 963 458 una·

40 503 147 563 quaeque
158 486 305 548 Dioeocsis
324 492 457 565 regatur
476 507 496 550 e
516 488 733 567 Presbyteris,
749 488 802 566 qui
816 488 962 568 Episcopi

38 578 246 640 iurisdictionem
273 581 430 642 obruenti
449 583 562 648 Nonne
589 582 670 642 hunc
696 581 728 642 in
755 583 879 643 modum
908 580 961 645 illi

39 672 229 734 contradicitur
256 675 439 750 doctrinae,
468 693 547 753 quoe
569 675 601 734 in
622 673 714 736 Actis
739 675 960 753 Apostolorum

41 762 129 840 iegitur
142 765 199 844 (l):
213 767 518 844 ‹Spiritussaoctus
536 767 642 847 posuit
662 767 828 845 Episcopos
849 785 961 846 rogero

43 857 174 918 Ecclesiam
186 860 251 934 Dei,
265 878 359 938 quam
374 861 544 940 acquisivit
558 860 709 944 sanguine
726 862 830 922 suot»
845 861 962 922 omnis·

43 967 79 1024 qne
100 970 194 1014 sacrae
219 955 427 1016 Hierarchiue
454 958 530 1017 ordo
560 956 739 1018 invertitur
768 972 898 1034 prorsus
925 975 961 1020 ac
1002 947 1006 966 ⁸

40 1047 225 1119 perturbatori
244 1052 431 1127 Aequantur
452 1068 561 1129 nempe
580 1051 745 1130 Episcopis
760 1050 959 1130 Presbyteri,

40 1140 95 1211 quod
116 1139 238 1218 primum
266 1144 403 1204 asseruit
426 1143 547 1205 Aerios
568 1147 755 1225 Presbyter,
776 1146 959 1224 Wiclcpbus

40 1247 106 1305 porro
123 1237 152 1294 et
169 1235 339 1298 Mamilius
352 1237 391 1298 de
404 1237 535 1310 Padano,
558 1241 592 1298 et
613 1237 756 1302 Ioannes
776 1239 816 1300 de
832 1238 961 1302 Iandu-

39 1341 76 1394 uo,
92 1345 153 1403 quos
172 1329 292 1390 demum
314 1333 497 1391 consecutus
518 1333 568 1390 est
589 1328 758 1404 Caluinus,
782 1332 875 1394 iuxta
895 1332 960 1394 col·

41 1416 98 1482 iente
113 1439 128 1481 o
143 1424 308 1485 Benedioto
329 1425 404 1486 XIV
415 1424 446 1486 in
462 1425 530 1486 eius
545 1425 646 1504 Opere
667 1427 705 1486 de
727 1425 854 1504 Synodo
871 1427 961 1498 Dioc-

46 1529 119 1576 oesana
134 1517 187 1596 (2).

86 1610 155 1672 Innno
170 1612 246 1690 ipsis
258 1611 420 1690 Episcopis
431 1616 668 1690 anteponuntur
679 1613 876 1692 Presbyteri,
888 1632 958 1675 cum

44 1697 76 1759 iiii
94 1710 228 1782 nequeant
256 1706 369 1766 horum
397 1724 548 1782 quemque
573 1724 593 1767 a
617 1704 751 1766 consilio
782 1723 957 1782 removere,

42 1797 78 1854 aut
90 1797 240 1876 quidquam
262 1801 440 1872 decernere,
457 1797 518 1858 nisi
539 1817 579 1858 ex
600 1797 746 1875 pluribus
760 1792 967 1860 Viceriornm'

41 1884 257 1966 deliberantium,
281 1895 318 1952 ut
338 1891 498 1969 diximus,
520 1890 689 1970 suffragiis.
712 1891 755 1950 Et
778 1891 882 1950 tumen
903 1892 960 1954 Oe-

43 1980 119 2056 nonioi,
132 1984 181 2061 qni
194 1985 342 2062 (tepitudo
361 1984 503 2062 legitime
525 1985 656 2046 fundata
673 1985 872 2060 componunt,
889 1983 959 2062 qui-

44 2084 77 2142 tus
90 2077 285 2141 Ecclesiarum
305 2077 456 2138 Senatum
478 2076 690 2148 constituunt,
713 2093 774 2137 non
796 2074 871 2152 alia,
888 2095 957 2138 cum

40 2163 60 2222 in
73 2170 212 2232 consilium
227 2170 428 2244 adhibentur,
442 2168 527 2231 ferre
542 2172 673 2246 possunt
687 2169 850 2248 suffragia,
866 2189 957 2248 quum

39 2261 143 2338 tantum,
165 2268 201 2325 ut
221 2264 405 2342 appellant,
435 2262 673 2336 consultativa,
701 2265 957 2339 quemadmodum

39 2367 63 2411 en
82 2357 180 2419 dnobus
211 2357 359 2420 (tonciliis
387 2357 640 2419 Prouincialibus
672 2357 958 2434 Burdegaiensibus

39 2444 111 2510 innat
126 2453 311 2514 Benedictus
331 2454 406 2515 XIV
428 2452 486 2533 (3).

76 2546 209 2611 Quantum
224 2565 319 2624 porro
341 2549 379 2608 ad
400 2547 527 2608 secundi
550 2545 676 2624 generis
690 2545 836 2607 Vicarios
858 2546 958 2623 perti-

39 2639 80 2707 Ποῖ,
96 2641 138 2714 qui
154 2643 249 2718 pleni
270 2641 354 2700 iuris
376 2643 608 2718 nuncupantur,
632 2637 778 2698 mirabile
800 2656 875 2698 sano
896 2645 955 2714 est,

38 2740 59 2783 an
73 2746 179 2804 prorsus
199 2732 390 2807 inauditum,
414 2735 450 2792 ut
470 2731 614 2809 Episcopi
635 2733 807 2791 teneantur
827 2731 957 2792 illorum

39 2819 145 2885 adhibere
165 2844 305 2905 operam,
320 2827 357 2888 ad
380 2844 472 2904 quam
495 2825 697 2886 recusandum
717 2823 821 2884 iustas
842 2825 956 2886 habere

41 2921 128 2982 nsunt
144 2939 262 2993 causas,
278 2925 311 2982 et
325 2925 372 2994 ut,
391 2920 445 2997 qui
467 2918 604 2979 nonnisi
625 2917 830 2978 subsidiarias
849 2922 956 2996 pantes

40 3015 126 3087 terunt,
138 3013 300 3092 locumque
321 3030 440 3087 eorum,
456 3012 508 3090 qui
523 3011 679 3072 inhabiles
704 3027 763 3070 non
786 3013 871 3086 sunt,
888 3029 958 3089 sup·

37 3096 128 3180 ileunt,
147 3126 203 3168 non
226 3108 322 3169 etiam
344 3106 475 3180 iisdem,
498 3107 536 3166 de
556 3122 686 3184 quorum
708 3101 807 3164 officio
835 3105 956 3183 agitur,

37 3191 212 3260 subiiciuntnr.

79 3344 105 3398 (1)
120 3345 172 3405 cup.
183 3349 235 3404 XX,
248 3359 316 3394 vars.
327 3347 366 3394 ua.

80 3419 106 3472 ti)
120 3420 169 3467 Lib.
181 3425 251 3480 xm,
265 3436 321 3482 cap.
332 3425 354 3479 1,
365 3435 435 3469 num.
447 3424 470 3470 2.

82 3492 106 3546 o>
121 3495 161 3543 tit.
172 3509 238 3557 opar.
250 3497 281 3546 de
294 3497 389 3558 synod.
403 3496 458 3546 eod.
470 3497 515 3546 lib.
526 3499 597 3556 XIII,
610 3511 664 3559 cap.
676 3499 710 3556 11,
724 3511 749 3546 ιι.
763 3499 786 3549 6.
