2514 4198
654 189 812 251 ..82-

250 308 422 372 Ecclesiam
441 322 533 383 quam
549 303 621 365 boni
635 303 853 374 redundasset,
873 301 906 360 S.
919 298 1071 359 Pontifex
1084 297 1174 357 Pius
1197 300 1245 357 V,

250 400 458 465 necessarium
472 398 584 470 duxit,
608 397 642 458 in
665 395 713 456 sui
734 392 944 454 Pontificatus
965 391 1115 462 exordio,
1140 391 1245 450 hano

250 493 478 558 concessionem
493 508 657 563 revocare3
670 489 751 566 quod
767 486 876 547 stetim
892 483 1057 563 praestitit
1070 501 1130 560 per
1144 485 1245 544 Bre

250 607 305 651 ves
326 584 524 666 Apostolicas
544 583 689 644 Litteras
703 619 722 655 ‚,
735 580 854 641 alteras
882 578 932 638 die
957 578 988 638 8.
1013 577 1094 638 Iunii
1122 577 1244 648 1566,

250 685 341 745 datas
363 682 401 741 ad
422 681 568 740 Ioannem
589 674 809 735 patriarcham
831 670 1076 748 Aquileiensem,
1098 670 1245 732 alteras

250 777 328 838 item
345 775 434 835 datae
449 766 601 849 postridie
615 769 652 829 ad
668 767 816 836 Gerulum
828 763 1036 826 Archiducem
1051 765 1244 825 austriae.-

250 886 380 946 cumque
406 882 500 944 porro
521 863 666 924 Urbanus
694 857 910 921 Pessavieusis
937 857 1107 935 Episcopus
1139 857 1244 918 idem

250 963 431 1041 flagitasset
463 958 644 1028 indultum,
668 954 807 1015 scribens
835 954 868 1014 S.
891 953 967 1015 Pius
993 952 1042 1012 die
1062 953 1115 1012 26.
1144 955 1242 1013 Maii

165 1057 167 1064 ’
253 1057 332 1119 1568
346 1055 405 1137 (1),
426 1069 615 1132 magnopere
636 1051 738 1128 ipsum
760 1051 906 1112 hortatus
927 1052 978 1109 est
991 1066 1010 1110 c
1024 1050 1060 1110 ad
1078 1048 1242 1108 retinen-

251 1152 357 1213 >dum
380 1141 485 1229 potius
512 1146 670 1208 Ecclesiae
699 1143 880 1206 Catholicae
904 1141 1167 1221 antiquissimum
1203 1147 1240 1202 et

250 1265 271 1308 r
284 1244 516 1308 sanctissimum
531 1242 641 1314 ritum,
657 1257 749 1317 quam
771 1255 840 1298 cum
863 1255 924 1315 quo
947 1237 1099 1299 haeretiei
1125 1245 1238 1299 utun·

252 1344 419 1402 stus...
444 1340 537 1414 atque
558 1333 592 1392 in
613 1334 671 1394 hac
692 1330 850 1392 sententia
877 1333 953 1391 adeo
981 1333 1175 1392 constanter
1202 1338 1236 1392 et

252 1430 414 1496 »fortiter
434 1445 562 1489 manere
583 1425 687 1498 debes,
710 1428 747 1484 ut
770 1424 889 1484 nullius
910 1423 1064 1498 iacturae,
1087 1430 1150 1486 eut
1176 1445 1233 1504 pe-

238 1545 272 1590 )
286 1523 381 1588 riculi
402 1524 511 1594 metu,
539 1537 579 1579 ex
606 1535 644 1578 ee
665 1519 710 1576 'Pe
736 1517 890 1576 dimoveri
918 1517 1062 1594 patiare,
1091 1519 1232 1582 etiamsi

252 1617 478 1683 »subeundum
499 1616 584 1674 esset
604 1611 807 1689 martyrium.
831 1610 939 1672 Pluris
967 1610 1043 1671 talis
1069 1621 1230 1673 coustan-

252 1715 350 1775 ›tiae
379 1707 552 1790 praemium
581 1705 748 1765 aestimare
776 1704 889 1778 debes,
912 1721 1004 1782 quem
1031 1709 1231 1782 quantasvis

138 1783 140 1806 Ι
252 1823 360 1885 »opes
382 1809 415 1865 et
436 1799 623 1878 temporalia
644 1798 735 1859 bona.
752 1798 945 1876 Martyrium
960 1817 1037 1860 vero
1058 1803 1137 1860 adeo
1165 1821 1226 1862 non

252 1903 334 1962 rest
356 1893 653 1971 subterfugiendum=
669 1891 789 1952 homini
811 1910 885 1953 vere
906 1893 1089 1955 Christiano
1110 1901 1147 1956 et
1163 1900 1227 1958 Ge-

255 1993 419 2063 ›thclico,
443 1992 479 2048 ut
501 1987 542 2046 sit
564 1986 659 2046 etiam
684 1985 915 2062 expetendum,
937 1988 1023 2046 etin
1047 1990 1226 2066 singularis

253 2083 427 2150 »mneficii
449 2084 517 2142 loco
538 2100 557 2141 a
577 2085 640 2142 Deo
661 2081 885 2157 accipiendum,
905 2088 939 2142 et
959 2081 1037 2142 felix
1059 2085 1226 2146 habendus

228 2225 231 2231 -
253 2182 341 2253 rsit,
356 2178 541 2256 quicumque
563 2177 676 2254 dignus
696 2174 823 2235 habitus
844 2176 953 2249 fuerit,
975 2176 1028 2255 qui
1050 2195 1106 2256 pro
1128 2182 1224 2242 Chri-

253 2278 336 2336 »sto
357 2276 390 2333 et
412 2287 468 2348 pro
492 2270 559 2331 cius
573 2268 780 2330 sanctissimis
795 2269 1018 2345 sacramentis,
1034 2275 1221 2350 sanguinem

253 2366 474 2427 »effundatis
501 2364 582 2424 Hine
609 2362 726 2422 meritc
755 2365 787 2422 S.
809 2365 872 2423 Leo
900 2365 1055 2443 Magnus,
1079 2367 1220 2428 scribens

253 2459 412 2537 Episcopis
440 2475 498 2535 per
526 2455 749 2533 Campaniam,
772 2456 946 2530 Picenum,
968 2461 1161 2533 Threciam,
1191 2469 1221 2522 et

253 2555 418 2614 universas
439 2552 618 2632 provincias
640 2550 823 2611 constitutis
844 2553 882 2611 de
902 2552 1059 2630 aliquibus
1078 2555 1220 2634 discipli-

254 2666 310 2708 nae
332 2646 476 2708 articulis
497 2665 582 2706 suem
604 2643 721 2705 clausit
736 2644 900 2722 epistolam
916 2645 1007 2727 (2):‹
1030 2648 1097 2707 Hoc
1111 2648 1218 2727 itaque

253 2741 460 2803 »admonitio
481 2742 588 2800 nostre
610 2739 801 2813 denunciat,
827 2742 905 2818 quod
935 2740 962 2801 si
990 2740 1058 2818 quis
1079 2741 1216 2804 fratrum

254 2841 397 2898 »contra
417 2837 493 2894 haec
514 2833 689 2893 constituta
710 2833 819 2893 venire
842 2835 1040 2909 tentaverit,
1056 2838 1090 2895 et
1110 2838 1218 2913 prohi-

253 2931 354 2990 »bite
375 2927 474 2989 fuerit
494 2944 588 2987 ausus
609 2927 797 3000 admittere,
814 2944 901 2989 aeuo
923 2947 956 2989 se
978 2931 1105 3006 noverit
1120 2933 1215 2992 officio

252 3041 271 3084 r
286 3024 544 3096 submovendum,
554 3040 610 3082 nec
621 3021 847 3082 communionis
860 3026 985 3084 nostrae
997 3023 1139 3086 futurum
1153 3045 1215 3088 esse

252 3119 475 3189 »consortem
491 3114 543 3192 qui
566 3115 667 3176 socius
689 3133 756 3176 esse
779 3115 881 3176 noluit
903 3117 1136 3194 disciplinae.»

316 3343 351 3396 (1)
368 3341 450 3388 Relat.
463 3340 614 3389 eLaderch.
626 3343 720 3390 Annal.
733 3343 880 3392 Ecclesiast.
900 3344 932 3392 ad
949 3358 1008 3393 ann.
1022 3348 1092 3403 1568,
1103 3360 1160 3408 pag.
1174 3349 1208 3404 68,

255 3415 315 3464 edit.
327 3418 399 3462 Rom.
414 3417 485 3464 1⁷8³.
1081 3439 1083 3442 ·

316 3493 351 3550 (7)
367 3493 449 3552 Epist.
460 3495 508 3551 111,
520 3495 581 3543 tom.
594 3495 628 3551 II,
643 3506 712 3554 oper.
724 3493 784 3542 edit.
797 3497 909 3555 Tyrcae:
922 3497 991 3545 1767.
