<?xml version="1.0" encoding="UTF-8"?>
<!DOCTYPE html PUBLIC "-//W3C//DTD XHTML 1.0 Transitional//EN"
    "http://www.w3.org/TR/xhtml1/DTD/xhtml1-transitional.dtd">
<html xmlns="http://www.w3.org/1999/xhtml" xml:lang="en" lang="en">
 <head>
  <title>
</title>
<meta http-equiv="Content-Type" content="text/html;charset=utf-8" />
  <meta name='ocr-system' content='tesseract 3.04.00' />
  <meta name='ocr-capabilities' content='ocr_page ocr_carea ocr_par ocr_line ocrx_word'/>
</head>
<body>
  <div class='ocr_page' id='page_1' title='image "./piivipontmaxact00piusgoog_0127.png"; bbox 0 0 2386 4194; ppageno 0'>
   <div class='ocr_carea' id='block_1_1' title="bbox 221 321 1189 3499">
    <p class='ocr_par' dir='ltr' id='par_1_1' title="bbox 225 321 1189 778">
     <span class='ocr_line' id='line_1_1' title="bbox 225 321 1165 400; baseline 0.003 -20"><span class='ocrx_word' id='word_1_1' title='bbox 225 321 328 382; x_wconf 90' lang='lat' dir='ltr'><strong>dictus</strong></span> <span class='ocrx_word' id='word_1_2' title='bbox 359 323 446 396; x_wconf 88' lang='lat' dir='ltr'>XIV,</span> <span class='ocrx_word' id='word_1_3' title='bbox 477 322 605 400; x_wconf 89' lang='lat' dir='ltr'><strong>loquens</strong></span> <span class='ocrx_word' id='word_1_4' title='bbox 636 325 675 383; x_wconf 91' lang='lat' dir='ltr'><strong>de</strong></span> <span class='ocrx_word' id='word_1_5' title='bbox 703 322 767 382; x_wconf 91' lang='lat' dir='ltr'><strong>suis</strong></span> <span class='ocrx_word' id='word_1_6' title='bbox 798 323 989 384; x_wconf 89' lang='lat' dir='ltr'><strong>Monialibus</strong></span> <span class='ocrx_word' id='word_1_7' title='bbox 1016 325 1165 385; x_wconf 87' lang='lat' dir='ltr'><strong>Bononien-</strong></span> 
     </span>
     <span class='ocr_line' id='line_1_2' title="bbox 226 416 1165 490; baseline 0 -13"><span class='ocrx_word' id='word_1_8' title='bbox 226 417 327 490; x_wconf 84' lang='lat' dir='ltr'>sibus,</span> <span class='ocrx_word' id='word_1_9' title='bbox 350 416 488 477; x_wconf 80' lang='lat' dir='ltr'><strong>fatetur:</strong></span> <span class='ocrx_word' id='word_1_10' title='bbox 511 416 657 478; x_wconf 74' lang='lat' dir='ltr'><strong>«Urbem</strong></span> <span class='ocrx_word' id='word_1_11' title='bbox 680 417 839 478; x_wconf 82' lang='lat' dir='ltr'>Bononiae</span> <span class='ocrx_word' id='word_1_12' title='bbox 862 418 975 478; x_wconf 91' lang='lat' dir='ltr'><strong>multis</strong></span> <span class='ocrx_word' id='word_1_13' title='bbox 1002 419 1102 479; x_wconf 90' lang='lat' dir='ltr'><strong>abhinc</strong></span> <span class='ocrx_word' id='word_1_14' title='bbox 1123 438 1165 479; x_wconf 87' lang='lat' dir='ltr'><strong>an·</strong></span> 
     </span>
     <span class='ocr_line' id='line_1_3' title="bbox 226 509 1189 590; baseline 0.002 -20"><span class='ocrx_word' id='word_1_15' title='bbox 226 510 307 570; x_wconf 78' lang='lat' dir='ltr'><strong>»nis</strong></span> <span class='ocrx_word' id='word_1_16' title='bbox 335 513 384 571; x_wconf 91' lang='lat' dir='ltr'><strong>tot</strong></span> <span class='ocrx_word' id='word_1_17' title='bbox 411 509 644 572; x_wconf 75' lang='lat' dir='ltr'><strong>calamitatibus</strong></span> <span class='ocrx_word' id='word_1_18' title='bbox 672 510 819 572; x_wconf 85' lang='lat' dir='ltr'><strong>iactatam</strong></span> <span class='ocrx_word' id='word_1_19' title='bbox 849 515 936 572; x_wconf 92' lang='lat' dir='ltr'><strong>stare</strong></span> <span class='ocrx_word' id='word_1_20' title='bbox 957 530 1017 572; x_wconf 89' lang='lat' dir='ltr'><strong>uon</strong></span> <span class='ocrx_word' id='word_1_21' title='bbox 1038 513 1189 590; x_wconf 56' lang='lat' dir='ltr'><strong>potuisset</strong></span> 
     </span>
     <span class='ocr_line' id='line_1_4' title="bbox 226 603 1189 680; baseline -0.001 -15"><span class='ocrx_word' id='word_1_22' title='bbox 226 604 319 665; x_wconf 81' lang='lat' dir='ltr'><strong>»nisi</strong></span> <span class='ocrx_word' id='word_1_23' title='bbox 340 620 448 680; x_wconf 89' lang='lat' dir='ltr'><strong>preces</strong></span> <span class='ocrx_word' id='word_1_24' title='bbox 469 603 611 664; x_wconf 81' lang='lat' dir='ltr'><strong>assiduae</strong></span> <span class='ocrx_word' id='word_1_25' title='bbox 633 607 812 664; x_wconf 91' lang='lat' dir='ltr'><strong>nostrarum</strong></span> <span class='ocrx_word' id='word_1_26' title='bbox 832 605 1018 666; x_wconf 90' lang='lat' dir='ltr'><strong>Monialium</strong></span> <span class='ocrx_word' id='word_1_27' title='bbox 1032 607 1168 666; x_wconf 86' lang='lat' dir='ltr'><strong>incensam</strong></span> <span class='ocrx_word' id='word_1_28' title='bbox 1188 619 1189 656; x_wconf 75' lang='grc' dir='ltr'><strong>ι</strong></span> 
     </span>
     <span class='ocr_line' id='line_1_5' title="bbox 226 696 849 778; baseline 0.003 -22"><span class='ocrx_word' id='word_1_29' title='bbox 226 716 246 756; x_wconf 69' lang='lat' dir='ltr'><strong>s</strong></span> <span class='ocrx_word' id='word_1_30' title='bbox 260 697 316 758; x_wconf 85' lang='lat' dir='ltr'><strong>Dei</strong></span> <span class='ocrx_word' id='word_1_31' title='bbox 336 696 531 758; x_wconf 73' lang='lat' dir='ltr'><strong>iracundiam</strong></span> <span class='ocrx_word' id='word_1_32' title='bbox 552 697 780 774; x_wconf 78' lang='lat' dir='ltr'><strong>mitigassent»</strong></span> <span class='ocrx_word' id='word_1_33' title='bbox 794 697 849 778; x_wconf 91' lang='grc'>(1).</span> 
     </span>
    </p>

    <p class='ocr_par' dir='ltr' id='par_1_2' title="bbox 224 791 1189 2088">
     <span class='ocr_line' id='line_1_6' title="bbox 286 791 1189 870; baseline -0.001 -17"><span class='ocrx_word' id='word_1_34' title='bbox 286 795 413 853; x_wconf 76' lang='lat' dir='ltr'><strong>Interea</strong></span> <span class='ocrx_word' id='word_1_35' title='bbox 425 791 588 865; x_wconf 89' lang='lat' dir='ltr'><strong>Moniales,</strong></span> <span class='ocrx_word' id='word_1_36' title='bbox 604 809 682 868; x_wconf 90' lang='lat' dir='ltr'><strong>quae</strong></span> <span class='ocrx_word' id='word_1_37' title='bbox 697 791 824 852; x_wconf 88' lang='lat' dir='ltr'><strong>nuncin</strong></span> <span class='ocrx_word' id='word_1_38' title='bbox 840 791 946 853; x_wconf 82' lang='lat' dir='ltr'><strong>Gallia</strong></span> <span class='ocrx_word' id='word_1_39' title='bbox 959 793 1098 854; x_wconf 89' lang='lat' dir='ltr'><strong>maximis</strong></span> <span class='ocrx_word' id='word_1_40' title='bbox 1111 811 1170 870; x_wconf 82' lang='lat' dir='ltr'><strong>per</strong></span> <span class='ocrx_word' id='word_1_41' title='bbox 1188 825 1189 844; x_wconf 59' lang='grc' dir='ltr'>ι</span> 
     </span>
     <span class='ocr_line' id='line_1_7' title="bbox 227 883 1170 961; baseline 0 -15"><span class='ocrx_word' id='word_1_42' title='bbox 227 883 461 946; x_wconf 76' lang='lat' dir='ltr'><strong>turbationibus</strong></span> <span class='ocrx_word' id='word_1_43' title='bbox 486 883 669 961; x_wconf 82' lang='lat' dir='ltr'><strong>agitantur,</strong></span> <span class='ocrx_word' id='word_1_44' title='bbox 693 884 726 943; x_wconf 90' lang='lat' dir='ltr'><strong>in</strong></span> <span class='ocrx_word' id='word_1_45' title='bbox 751 883 919 960; x_wconf 88' lang='lat' dir='ltr'><strong>plurimam</strong></span> <span class='ocrx_word' id='word_1_46' title='bbox 944 887 1170 946; x_wconf 88' lang='lat' dir='ltr'><strong>commiseratio·</strong></span> 
     </span>
     <span class='ocr_line' id='line_1_8' title="bbox 227 979 1189 1056; baseline -0.006 -16"><span class='ocrx_word' id='word_1_47' title='bbox 227 997 296 1040; x_wconf 87' lang='lat' dir='ltr'><strong>uem</strong></span> <span class='ocrx_word' id='word_1_48' title='bbox 326 980 390 1040; x_wconf 92' lang='lat' dir='ltr'><strong>Nos</strong></span> <span class='ocrx_word' id='word_1_49' title='bbox 422 979 640 1050; x_wconf 84' lang='lat' dir='ltr'><strong>adduxerunt3</strong></span> <span class='ocrx_word' id='word_1_50' title='bbox 663 995 732 1036; x_wconf 92' lang='lat' dir='ltr'><strong>cum</strong></span> <span class='ocrx_word' id='word_1_51' title='bbox 764 994 878 1054; x_wconf 82' lang='lat' dir='ltr'><strong>magna</strong></span> <span class='ocrx_word' id='word_1_52' title='bbox 907 995 1016 1040; x_wconf 86' lang='lat' dir='ltr'><strong>earum</strong></span> <span class='ocrx_word' id='word_1_53' title='bbox 1044 998 1113 1056; x_wconf 90' lang='lat' dir='ltr'><strong>pars</strong></span> <span class='ocrx_word' id='word_1_54' title='bbox 1140 999 1189 1040; x_wconf 84' lang='lat' dir='ltr'><strong>ar1</strong></span> 
     </span>
     <span class='ocr_line' id='line_1_9' title="bbox 227 1070 1189 1152; baseline -0.004 -18"><span class='ocrx_word' id='word_1_55' title='bbox 227 1073 384 1135; x_wconf 86' lang='lat' dir='ltr'><strong>universis</strong></span> <span class='ocrx_word' id='word_1_56' title='bbox 404 1071 475 1133; x_wconf 88' lang='lat' dir='ltr'><strong>istis</strong></span> <span class='ocrx_word' id='word_1_57' title='bbox 495 1071 668 1147; x_wconf 86' lang='lat' dir='ltr'><strong>provinciis</strong></span> <span class='ocrx_word' id='word_1_58' title='bbox 690 1070 829 1131; x_wconf 91' lang='lat' dir='ltr'><strong>dolorem</strong></span> <span class='ocrx_word' id='word_1_59' title='bbox 849 1072 945 1135; x_wconf 90' lang='lat' dir='ltr'><strong>Nobis</strong></span> <span class='ocrx_word' id='word_1_60' title='bbox 960 1092 1049 1134; x_wconf 92' lang='lat' dir='ltr'><strong>suum</strong></span> <span class='ocrx_word' id='word_1_61' title='bbox 1064 1093 1116 1152; x_wconf 90' lang='lat' dir='ltr'><strong>per</strong></span> <span class='ocrx_word' id='word_1_62' title='bbox 1127 1075 1170 1136; x_wconf 89' lang='lat' dir='ltr'><strong>lit·</strong></span> <span class='ocrx_word' id='word_1_63' title='bbox 1188 1099 1189 1130; x_wconf 76' lang='lat' dir='ltr'><strong>i</strong></span> 
     </span>
     <span class='ocr_line' id='line_1_10' title="bbox 227 1163 1189 1244; baseline -0.001 -15"><span class='ocrx_word' id='word_1_64' title='bbox 227 1174 312 1230; x_wconf 85' lang='lat' dir='ltr'><strong>teras</strong></span> <span class='ocrx_word' id='word_1_65' title='bbox 339 1167 551 1244; x_wconf 82' lang='lat' dir='ltr'><strong>exponerent,</strong></span> <span class='ocrx_word' id='word_1_66' title='bbox 570 1167 650 1242; x_wconf 92' lang='lat' dir='ltr'><strong>quod</strong></span> <span class='ocrx_word' id='word_1_67' title='bbox 672 1165 704 1224; x_wconf 88' lang='lat' dir='ltr'><strong>in</strong></span> <span class='ocrx_word' id='word_1_68' title='bbox 735 1163 799 1223; x_wconf 91' lang='lat' dir='ltr'><strong>suis</strong></span> <span class='ocrx_word' id='word_1_69' title='bbox 823 1163 996 1228; x_wconf 85' lang='lat' dir='ltr'><strong>retinendis</strong></span> <span class='ocrx_word' id='word_1_70' title='bbox 1017 1168 1166 1242; x_wconf 88' lang='lat' dir='ltr'><strong>institutis,</strong></span> <span class='ocrx_word' id='word_1_71' title='bbox 1188 1189 1189 1222; x_wconf 74' lang='lat'><em>2</em></span> 
     </span>
     <span class='ocr_line' id='line_1_11' title="bbox 226 1258 1189 1340; baseline -0.002 -18"><span class='ocrx_word' id='word_1_72' title='bbox 226 1261 369 1338; x_wconf 84' lang='lat' dir='ltr'><strong>votisque</strong></span> <span class='ocrx_word' id='word_1_73' title='bbox 394 1258 584 1319; x_wconf 86' lang='lat' dir='ltr'><strong>solemnibus</strong></span> <span class='ocrx_word' id='word_1_74' title='bbox 609 1259 770 1320; x_wconf 86' lang='lat' dir='ltr'><strong>servandis</strong></span> <span class='ocrx_word' id='word_1_75' title='bbox 794 1261 1042 1338; x_wconf 86' lang='lat' dir='ltr'><strong>impedirentur,</strong></span> <span class='ocrx_word' id='word_1_76' title='bbox 1067 1281 1189 1340; x_wconf 70' lang='lat' dir='ltr'><strong>unaque</strong></span> 
     </span>
     <span class='ocr_line' id='line_1_12' title="bbox 226 1351 1189 1433; baseline -0.001 -18"><span class='ocrx_word' id='word_1_77' title='bbox 226 1354 425 1416; x_wconf 89' lang='lat' dir='ltr'><strong>declararent</strong></span> <span class='ocrx_word' id='word_1_78' title='bbox 445 1354 567 1414; x_wconf 90' lang='lat' dir='ltr'><strong>certum</strong></span> <span class='ocrx_word' id='word_1_79' title='bbox 590 1351 669 1426; x_wconf 92' lang='lat' dir='ltr'><strong>sibi,</strong></span> <span class='ocrx_word' id='word_1_80' title='bbox 691 1353 808 1428; x_wconf 88' lang='lat' dir='ltr'><strong>fixum,</strong></span> <span class='ocrx_word' id='word_1_81' title='bbox 832 1353 1100 1433; x_wconf 89' lang='lat' dir='ltr'><strong>deliberatumque</strong></span> <span class='ocrx_word' id='word_1_82' title='bbox 1120 1373 1166 1416; x_wconf 85' lang='lat' dir='ltr'><strong>essa</strong></span> <span class='ocrx_word' id='word_1_83' title='bbox 1188 1380 1189 1414; x_wconf 73' lang='grc' dir='ltr'>ι</span> 
     </span>
     <span class='ocr_line' id='line_1_13' title="bbox 225 1446 1189 1528; baseline 0.002 -20"><span class='ocrx_word' id='word_1_84' title='bbox 225 1448 347 1520; x_wconf 92' lang='lat' dir='ltr'><strong>animo,</strong></span> <span class='ocrx_word' id='word_1_85' title='bbox 367 1446 456 1524; x_wconf 89' lang='lat' dir='ltr'><strong>prius</strong></span> <span class='ocrx_word' id='word_1_86' title='bbox 477 1463 685 1523; x_wconf 88' lang='lat' dir='ltr'><strong>quaecumque</strong></span> <span class='ocrx_word' id='word_1_87' title='bbox 707 1464 819 1525; x_wconf 89' lang='lat' dir='ltr'><strong>aspera</strong></span> <span class='ocrx_word' id='word_1_88' title='bbox 833 1447 936 1509; x_wconf 89' lang='lat' dir='ltr'><strong>subire</strong></span> <span class='ocrx_word' id='word_1_89' title='bbox 952 1467 988 1509; x_wconf 90' lang='lat' dir='ltr'><strong>ac</strong></span> <span class='ocrx_word' id='word_1_90' title='bbox 1001 1448 1081 1528; x_wconf 91' lang='lat' dir='ltr'><strong>pati,</strong></span> <span class='ocrx_word' id='word_1_91' title='bbox 1096 1467 1164 1528; x_wconf 84' lang='lat' dir='ltr'><strong>quan</strong></span> <span class='ocrx_word' id='word_1_92' title='bbox 1188 1477 1189 1510; x_wconf 83' lang='lat'>1</span> 
     </span>
     <span class='ocr_line' id='line_1_14' title="bbox 226 1541 1189 1621; baseline 0.006 -19"><span class='ocrx_word' id='word_1_93' title='bbox 226 1559 245 1602; x_wconf 90' lang='lat' dir='ltr'><strong>a</strong></span> <span class='ocrx_word' id='word_1_94' title='bbox 265 1541 429 1602; x_wconf 83' lang='lat' dir='ltr'><strong>vocatione</strong></span> <span class='ocrx_word' id='word_1_95' title='bbox 450 1557 505 1602; x_wconf 89' lang='lat' dir='ltr'><strong>sua</strong></span> <span class='ocrx_word' id='word_1_96' title='bbox 527 1541 685 1602; x_wconf 83' lang='lat' dir='ltr'><strong>recedere.</strong></span> <span class='ocrx_word' id='word_1_97' title='bbox 700 1542 837 1602; x_wconf 87' lang='lat' dir='ltr'><strong>Proinde</strong></span> <span class='ocrx_word' id='word_1_98' title='bbox 855 1560 914 1602; x_wconf 91' lang='lat' dir='ltr'><strong>non</strong></span> <span class='ocrx_word' id='word_1_99' title='bbox 930 1560 1093 1619; x_wconf 89' lang='lat' dir='ltr'><strong>possumus</strong></span> <span class='ocrx_word' id='word_1_100' title='bbox 1106 1543 1168 1621; x_wconf 89' lang='lat' dir='ltr'><strong>apud</strong></span> <span class='ocrx_word' id='word_1_101' title='bbox 1188 1572 1189 1608; x_wconf 76' lang='grc' dir='ltr'><strong>ι</strong></span> 
     </span>
     <span class='ocr_line' id='line_1_15' title="bbox 226 1633 1189 1710; baseline 0.004 -15"><span class='ocrx_word' id='word_1_102' title='bbox 226 1637 309 1709; x_wconf 85' lang='lat' dir='ltr'><strong>Vos,</strong></span> <span class='ocrx_word' id='word_1_103' title='bbox 334 1633 450 1696; x_wconf 90' lang='lat' dir='ltr'><strong>Dilecti</strong></span> <span class='ocrx_word' id='word_1_104' title='bbox 477 1633 555 1695; x_wconf 83' lang='lat' dir='ltr'><strong>Filii</strong></span> <span class='ocrx_word' id='word_1_105' title='bbox 581 1634 710 1710; x_wconf 90' lang='lat' dir='ltr'><strong>Nostri,</strong></span> <span class='ocrx_word' id='word_1_106' title='bbox 740 1654 776 1696; x_wconf 86' lang='lat' dir='ltr'><strong>ac</strong></span> <span class='ocrx_word' id='word_1_107' title='bbox 804 1635 1009 1698; x_wconf 88' lang='lat' dir='ltr'><strong>Venerabiles</strong></span> <span class='ocrx_word' id='word_1_108' title='bbox 1036 1639 1189 1710; x_wconf 82' lang='lat' dir='ltr'><strong>Fratres,</strong></span> 
     </span>
     <span class='ocr_line' id='line_1_16' title="bbox 225 1728 1189 1806; baseline 0.001 -18"><span class='ocrx_word' id='word_1_109' title='bbox 225 1747 283 1791; x_wconf 89' lang='lat' dir='ltr'><strong>non</strong></span> <span class='ocrx_word' id='word_1_110' title='bbox 306 1728 534 1806; x_wconf 90' lang='lat' dir='ltr'><strong>amplissimum</strong></span> <span class='ocrx_word' id='word_1_111' title='bbox 556 1729 685 1790; x_wconf 87' lang='lat' dir='ltr'><strong>illarum</strong></span> <span class='ocrx_word' id='word_1_112' title='bbox 707 1731 919 1805; x_wconf 86' lang='lat' dir='ltr'><strong>constantiae,</strong></span> <span class='ocrx_word' id='word_1_113' title='bbox 934 1735 968 1792; x_wconf 92' lang='lat' dir='ltr'><strong>et</strong></span> <span class='ocrx_word' id='word_1_114' title='bbox 989 1732 1189 1797; x_wconf 70' lang='lat' dir='ltr'><strong>fortitudinis,</strong></span> 
     </span>
     <span class='ocr_line' id='line_1_17' title="bbox 226 1822 1189 1903; baseline 0.007 -21"><span class='ocrx_word' id='word_1_115' title='bbox 226 1823 440 1882; x_wconf 91' lang='lat' dir='ltr'><strong>testimonium</strong></span> <span class='ocrx_word' id='word_1_116' title='bbox 463 1822 623 1896; x_wconf 88' lang='lat' dir='ltr'><strong>exhibere,</strong></span> <span class='ocrx_word' id='word_1_117' title='bbox 640 1843 659 1884; x_wconf 92' lang='lat' dir='ltr'><strong>a</strong></span> <span class='ocrx_word' id='word_1_118' title='bbox 680 1824 834 1902; x_wconf 86' lang='lat' dir='ltr'><strong>Vobisque</strong></span> <span class='ocrx_word' id='word_1_119' title='bbox 850 1826 1054 1885; x_wconf 86' lang='lat' dir='ltr'><strong>vehementer</strong></span> <span class='ocrx_word' id='word_1_120' title='bbox 1068 1830 1171 1903; x_wconf 87' lang='lat' dir='ltr'><strong>patere,</strong></span> <span class='ocrx_word' id='word_1_121' title='bbox 1188 1859 1189 1889; x_wconf 48' lang='grc' dir='ltr'>ι</span> 
     </span>
     <span class='ocr_line' id='line_1_18' title="bbox 226 1916 1189 1998; baseline 0 -22"><span class='ocrx_word' id='word_1_122' title='bbox 226 1921 261 1977; x_wconf 89' lang='lat' dir='ltr'><strong>ut</strong></span> <span class='ocrx_word' id='word_1_123' title='bbox 282 1917 400 1978; x_wconf 78' lang='lat' dir='ltr'><strong>iisdem·</strong></span> <span class='ocrx_word' id='word_1_124' title='bbox 414 1916 604 1977; x_wconf 90' lang='lat' dir='ltr'><strong>hortationis</strong></span> <span class='ocrx_word' id='word_1_125' title='bbox 626 1920 750 1978; x_wconf 87' lang='lat' dir='ltr'><strong>vestrae</strong></span> <span class='ocrx_word' id='word_1_126' title='bbox 774 1918 916 1978; x_wconf 90' lang='lat' dir='ltr'><strong>stimulos</strong></span> <span class='ocrx_word' id='word_1_127' title='bbox 936 1918 1134 1998; x_wconf 83' lang='lat' dir='ltr'><strong>adiungatis,</strong></span> <span class='ocrx_word' id='word_1_128' title='bbox 1147 1935 1189 1985; x_wconf 70' lang='lat' dir='ltr'><strong>ac,</strong></span> 
     </span>
     <span class='ocr_line' id='line_1_19' title="bbox 224 2012 1142 2088; baseline 0.001 -17"><span class='ocrx_word' id='word_1_129' title='bbox 224 2012 379 2084; x_wconf 89' lang='lat' dir='ltr'><strong>subsidia,</strong></span> <span class='ocrx_word' id='word_1_130' title='bbox 402 2012 606 2088; x_wconf 91' lang='lat' dir='ltr'><strong>quantumin</strong></span> <span class='ocrx_word' id='word_1_131' title='bbox 630 2012 727 2072; x_wconf 89' lang='lat' dir='ltr'><strong>Vobis</strong></span> <span class='ocrx_word' id='word_1_132' title='bbox 748 2012 830 2086; x_wconf 94' lang='lat' dir='ltr'><strong>erit,</strong></span> <span class='ocrx_word' id='word_1_133' title='bbox 854 2013 959 2074; x_wconf 88' lang='lat' dir='ltr'><strong>omnia</strong></span> <span class='ocrx_word' id='word_1_134' title='bbox 983 2015 1142 2075; x_wconf 85' lang='lat' dir='ltr'><strong>deseratis.</strong></span> 
     </span>
    </p>

    <p class='ocr_par' dir='ltr' id='par_1_3' title="bbox 221 2105 1189 3499">
     <span class='ocr_line' id='line_1_20' title="bbox 286 2105 1189 2186; baseline 0.007 -22"><span class='ocrx_word' id='word_1_135' title='bbox 286 2107 448 2164; x_wconf 88' lang='lat' dir='ltr'><strong>Possemus</strong></span> <span class='ocrx_word' id='word_1_136' title='bbox 473 2105 572 2166; x_wconf 89' lang='lat' dir='ltr'><strong>adhuc</strong></span> <span class='ocrx_word' id='word_1_137' title='bbox 597 2106 634 2164; x_wconf 89' lang='lat' dir='ltr'><strong>ad</strong></span> <span class='ocrx_word' id='word_1_138' title='bbox 660 2105 725 2166; x_wconf 88' lang='lat' dir='ltr'><strong>alia</strong></span> <span class='ocrx_word' id='word_1_139' title='bbox 749 2105 1030 2170; x_wconf 86' lang='lat' dir='ltr'><strong>animadvertenda</strong></span> <span class='ocrx_word' id='word_1_140' title='bbox 1057 2124 1189 2186; x_wconf 67' lang='lat' dir='ltr'><strong>pergere}</strong></span> 
     </span>
     <span class='ocr_line' id='line_1_21' title="bbox 224 2197 1189 2278; baseline -0.001 -19"><span class='ocrx_word' id='word_1_141' title='bbox 224 2215 318 2275; x_wconf 90' lang='lat' dir='ltr'><strong>super</strong></span> <span class='ocrx_word' id='word_1_142' title='bbox 343 2197 400 2256; x_wconf 92' lang='lat' dir='ltr'><strong>illo</strong></span> <span class='ocrx_word' id='word_1_143' title='bbox 425 2199 604 2258; x_wconf 81' lang='lat' dir='ltr'><strong>Conventus</strong></span> <span class='ocrx_word' id='word_1_144' title='bbox 633 2200 783 2271; x_wconf 87' lang='lat' dir='ltr'><strong>Decreto,</strong></span> <span class='ocrx_word' id='word_1_145' title='bbox 810 2198 962 2276; x_wconf 91' lang='lat' dir='ltr'><strong>siquidem</strong></span> <span class='ocrx_word' id='word_1_146' title='bbox 987 2219 1006 2261; x_wconf 89' lang='lat' dir='ltr'><strong>a</strong></span> <span class='ocrx_word' id='word_1_147' title='bbox 1034 2201 1189 2278; x_wconf 81' lang='lat' dir='ltr'><strong>principio</strong></span> 
     </span>
     <span class='ocr_line' id='line_1_22' title="bbox 225 2289 1189 2372; baseline 0.001 -22"><span class='ocrx_word' id='word_1_148' title='bbox 225 2309 321 2368; x_wconf 89' lang='lat' dir='ltr'><strong>usque</strong></span> <span class='ocrx_word' id='word_1_149' title='bbox 342 2293 380 2351; x_wconf 92' lang='lat' dir='ltr'><strong>ad</strong></span> <span class='ocrx_word' id='word_1_150' title='bbox 401 2289 489 2351; x_wconf 90' lang='lat' dir='ltr'><strong>illius</strong></span> <span class='ocrx_word' id='word_1_151' title='bbox 511 2289 645 2360; x_wconf 86' lang='lat' dir='ltr'><strong>exitum,</strong></span> <span class='ocrx_word' id='word_1_152' title='bbox 661 2291 741 2351; x_wconf 87' lang='lat' dir='ltr'><strong>nihil</strong></span> <span class='ocrx_word' id='word_1_153' title='bbox 763 2291 859 2351; x_wconf 84' lang='lat' dir='ltr'><strong>sere</strong></span> <span class='ocrx_word' id='word_1_154' title='bbox 849 2311 882 2352; x_wconf 82' lang='lat' dir='ltr'><strong>in</strong></span> <span class='ocrx_word' id='word_1_155' title='bbox 904 2312 940 2352; x_wconf 90' lang='lat' dir='ltr'><strong>eo</strong></span> <span class='ocrx_word' id='word_1_156' title='bbox 954 2298 1015 2367; x_wconf 88' lang='lat' dir='ltr'><strong>est,</strong></span> <span class='ocrx_word' id='word_1_157' title='bbox 1031 2297 1114 2372; x_wconf 89' lang='lat' dir='ltr'><strong>quod</strong></span> <span class='ocrx_word' id='word_1_158' title='bbox 1130 2311 1189 2353; x_wconf 51' lang='lat' dir='ltr'><strong>nou¹</strong></span> 
     </span>
     <span class='ocr_line' id='line_1_23' title="bbox 226 2381 1189 2465; baseline -0.003 -20"><span class='ocrx_word' id='word_1_159' title='bbox 226 2384 270 2445; x_wconf 92' lang='lat' dir='ltr'><strong>sit</strong></span> <span class='ocrx_word' id='word_1_160' title='bbox 281 2386 472 2460; x_wconf 83' lang='lat' dir='ltr'><strong>cavendnm,</strong></span> <span class='ocrx_word' id='word_1_161' title='bbox 488 2403 524 2445; x_wconf 88' lang='lat' dir='ltr'><strong>ac</strong></span> <span class='ocrx_word' id='word_1_162' title='bbox 538 2387 839 2462; x_wconf 87' lang='lat' dir='ltr'><strong>reprehendendum</strong></span> <span class='ocrx_word' id='word_1_163' title='bbox 856 2404 1024 2465; x_wconf 89' lang='lat' dir='ltr'><strong>omnesque</strong></span> <span class='ocrx_word' id='word_1_164' title='bbox 1043 2387 1115 2450; x_wconf 88' lang='lat' dir='ltr'><strong>eius</strong></span> <span class='ocrx_word' id='word_1_165' title='bbox 1127 2381 1189 2449; x_wconf 81' lang='lat' dir='ltr'><strong>seni</strong></span> 
     </span>
     <span class='ocr_line' id='line_1_24' title="bbox 225 2477 1175 2557; baseline 0.002 -19"><span class='ocrx_word' id='word_1_166' title='bbox 225 2497 275 2538; x_wconf 90' lang='lat' dir='ltr'><strong>sus</strong></span> <span class='ocrx_word' id='word_1_167' title='bbox 296 2477 381 2538; x_wconf 88' lang='lat' dir='ltr'><strong>inter</strong></span> <span class='ocrx_word' id='word_1_168' title='bbox 402 2496 433 2538; x_wconf 88' lang='lat' dir='ltr'><strong>se</strong></span> <span class='ocrx_word' id='word_1_169' title='bbox 456 2479 531 2537; x_wconf 90' lang='lat' dir='ltr'><strong>adeo</strong></span> <span class='ocrx_word' id='word_1_170' title='bbox 554 2477 627 2537; x_wconf 86' lang='lat' dir='ltr'><strong>nexi</strong></span> <span class='ocrx_word' id='word_1_171' title='bbox 649 2478 940 2557; x_wconf 88' lang='lat' dir='ltr'><strong>consentientesque</strong></span> <span class='ocrx_word' id='word_1_172' title='bbox 962 2486 1054 2556; x_wconf 89' lang='lat' dir='ltr'><strong>sunt,</strong></span> <span class='ocrx_word' id='word_1_173' title='bbox 1076 2484 1175 2544; x_wconf 80' lang='lat' dir='ltr'><strong>utrix</strong></span> 
     </span>
     <span class='ocr_line' id='line_1_25' title="bbox 224 2571 1189 2649; baseline 0.002 -17"><span class='ocrx_word' id='word_1_174' title='bbox 224 2572 291 2632; x_wconf 92' lang='lat' dir='ltr'><strong>ulla</strong></span> <span class='ocrx_word' id='word_1_175' title='bbox 318 2589 391 2648; x_wconf 90' lang='lat' dir='ltr'><strong>pars</strong></span> <span class='ocrx_word' id='word_1_176' title='bbox 420 2571 462 2630; x_wconf 92' lang='lat' dir='ltr'><strong>sit</strong></span> <span class='ocrx_word' id='word_1_177' title='bbox 489 2571 528 2631; x_wconf 93' lang='lat' dir='ltr'><strong>ab</strong></span> <span class='ocrx_word' id='word_1_178' title='bbox 556 2571 675 2632; x_wconf 90' lang='lat' dir='ltr'><strong>erroris</strong></span> <span class='ocrx_word' id='word_1_179' title='bbox 701 2572 875 2649; x_wconf 89' lang='lat' dir='ltr'><strong>suspicione</strong></span> <span class='ocrx_word' id='word_1_180' title='bbox 901 2575 1013 2636; x_wconf 88' lang='lat' dir='ltr'><strong>libera.</strong></span> <span class='ocrx_word' id='word_1_181' title='bbox 1037 2577 1101 2637; x_wconf 85' lang='lat' dir='ltr'><strong>Sed</strong></span> <span class='ocrx_word' id='word_1_182' title='bbox 1122 2593 1189 2644; x_wconf 62' lang='lat' dir='ltr'><strong>oum,</strong></span> 
     </span>
     <span class='ocr_line' id='line_1_26' title="bbox 224 2665 1189 2743; baseline 0.001 -17"><span class='ocrx_word' id='word_1_183' title='bbox 224 2667 285 2727; x_wconf 92' lang='lat' dir='ltr'><strong>iam</strong></span> <span class='ocrx_word' id='word_1_184' title='bbox 308 2665 550 2725; x_wconf 87' lang='lat' dir='ltr'><strong>declarassemus</strong></span> <span class='ocrx_word' id='word_1_185' title='bbox 572 2665 712 2742; x_wconf 88' lang='lat' dir='ltr'><strong>potiora,</strong></span> <span class='ocrx_word' id='word_1_186' title='bbox 736 2685 813 2743; x_wconf 90' lang='lat' dir='ltr'><strong>qnae</strong></span> <span class='ocrx_word' id='word_1_187' title='bbox 836 2665 867 2725; x_wconf 91' lang='lat' dir='ltr'><strong>in</strong></span> <span class='ocrx_word' id='word_1_188' title='bbox 889 2685 925 2726; x_wconf 91' lang='lat' dir='ltr'><strong>eo</strong></span> <span class='ocrx_word' id='word_1_189' title='bbox 948 2672 1022 2728; x_wconf 89' lang='lat' dir='ltr'><strong>sunt</strong></span> <span class='ocrx_word' id='word_1_190' title='bbox 1043 2665 1189 2742; x_wconf 71' lang='lat' dir='ltr'><strong>erroruul</strong></span> 
     </span>
     <span class='ocr_line' id='line_1_27' title="bbox 224 2759 1176 2838; baseline 0.002 -18"><span class='ocrx_word' id='word_1_191' title='bbox 224 2764 383 2832; x_wconf 88' lang='lat' dir='ltr'><strong>monstra,</strong></span> <span class='ocrx_word' id='word_1_192' title='bbox 398 2761 492 2836; x_wconf 89' lang='lat' dir='ltr'><strong>atque</strong></span> <span class='ocrx_word' id='word_1_193' title='bbox 511 2759 659 2834; x_wconf 89' lang='lat' dir='ltr'><strong>interim,</strong></span> <span class='ocrx_word' id='word_1_194' title='bbox 679 2760 759 2838; x_wconf 91' lang='lat' dir='ltr'><strong>quod</strong></span> <span class='ocrx_word' id='word_1_195' title='bbox 775 2761 904 2821; x_wconf 90' lang='lat' dir='ltr'><strong>minime</strong></span> <span class='ocrx_word' id='word_1_196' title='bbox 919 2763 1176 2838; x_wconf 86' lang='lat' dir='ltr'><strong>exspectabamus,</strong></span> 
     </span>
     <span class='ocr_line' id='line_1_28' title="bbox 223 2851 1177 2936; baseline 0.001 -22"><span class='ocrx_word' id='word_1_197' title='bbox 223 2855 255 2914; x_wconf 93' lang='lat' dir='ltr'><strong>in</strong></span> <span class='ocrx_word' id='word_1_198' title='bbox 278 2853 411 2931; x_wconf 87' lang='lat' dir='ltr'><strong>publicis</strong></span> <span class='ocrx_word' id='word_1_199' title='bbox 432 2851 517 2913; x_wconf 80' lang='lat' dir='ltr'><strong>loliis</strong></span> <span class='ocrx_word' id='word_1_200' title='bbox 539 2852 797 2931; x_wconf 83' lang='lat' dir='ltr'><strong>perlegissemus,</strong></span> <span class='ocrx_word' id='word_1_201' title='bbox 820 2855 1006 2932; x_wconf 86' lang='lat' dir='ltr'><strong>Episcopum</strong></span> <span class='ocrx_word' id='word_1_202' title='bbox 1027 2858 1177 2936; x_wconf 80' lang='lat' dir='ltr'><strong>Augusto·</strong></span> 
     </span>
     <span class='ocr_line' id='line_1_29' title="bbox 223 2948 1178 3013; baseline 0 -5"><span class='ocrx_word' id='word_1_203' title='bbox 223 2952 390 3008; x_wconf 89' lang='lat' dir='ltr'><strong>dunensem</strong></span> <span class='ocrx_word' id='word_1_204' title='bbox 413 2965 468 3006; x_wconf 90' lang='lat' dir='ltr'><strong>suo</strong></span> <span class='ocrx_word' id='word_1_205' title='bbox 489 2966 521 3007; x_wconf 87' lang='lat' dir='ltr'><strong>se</strong></span> <span class='ocrx_word' id='word_1_206' title='bbox 543 2949 784 3009; x_wconf 80' lang='lat' dir='ltr'><strong>sacramentum</strong></span> <span class='ocrx_word' id='word_1_207' title='bbox 800 2949 867 3008; x_wconf 92' lang='lat' dir='ltr'><strong>eius</strong></span> <span class='ocrx_word' id='word_1_208' title='bbox 881 2948 1008 3010; x_wconf 86' lang='lat' dir='ltr'><strong>Decrsti</strong></span> <span class='ocrx_word' id='word_1_209' title='bbox 1023 2953 1126 3013; x_wconf 85' lang='lat' dir='ltr'><strong>verba</strong></span> <span class='ocrx_word' id='word_1_210' title='bbox 1138 2952 1178 3010; x_wconf 92' lang='lat' dir='ltr'><strong>ob·</strong></span> 
     </span>
     <span class='ocr_line' id='line_1_30' title="bbox 222 3041 1178 3121; baseline -0.001 -18"><span class='ocrx_word' id='word_1_211' title='bbox 222 3041 407 3114; x_wconf 86' lang='lat' dir='ltr'><strong>strinxisse,</strong></span> <span class='ocrx_word' id='word_1_212' title='bbox 432 3045 522 3102; x_wconf 89' lang='lat' dir='ltr'><strong>tauto</strong></span> <span class='ocrx_word' id='word_1_213' title='bbox 551 3042 658 3102; x_wconf 89' lang='lat' dir='ltr'><strong>dolore</strong></span> <span class='ocrx_word' id='word_1_214' title='bbox 689 3060 766 3119; x_wconf 90' lang='lat' dir='ltr'><strong>pene</strong></span> <span class='ocrx_word' id='word_1_215' title='bbox 793 3043 962 3103; x_wconf 87' lang='lat' dir='ltr'><strong>exanimati</strong></span> <span class='ocrx_word' id='word_1_216' title='bbox 992 3043 1132 3121; x_wconf 85' lang='lat' dir='ltr'><strong>fuimus,</strong></span> <span class='ocrx_word' id='word_1_217' title='bbox 1153 3047 1178 3103; x_wconf 88' lang='lat' dir='ltr'><strong>nt</strong></span> 
     </span>
     <span class='ocr_line' id='line_1_31' title="bbox 222 3135 1178 3212; baseline 0.004 -18"><span class='ocrx_word' id='word_1_218' title='bbox 222 3136 315 3209; x_wconf 88' lang='lat' dir='ltr'><strong>baec,</strong></span> <span class='ocrx_word' id='word_1_219' title='bbox 332 3153 409 3212; x_wconf 91' lang='lat' dir='ltr'><strong>quae</strong></span> <span class='ocrx_word' id='word_1_220' title='bbox 429 3137 467 3196; x_wconf 89' lang='lat' dir='ltr'><strong>ad</strong></span> <span class='ocrx_word' id='word_1_221' title='bbox 490 3154 546 3196; x_wconf 86' lang='lat' dir='ltr'><strong>vos</strong></span> <span class='ocrx_word' id='word_1_222' title='bbox 560 3135 735 3210; x_wconf 82' lang='lat' dir='ltr'><strong>scribimus,</strong></span> <span class='ocrx_word' id='word_1_223' title='bbox 752 3136 967 3196; x_wconf 78' lang='lat' dir='ltr'><strong>intermittere</strong></span> <span class='ocrx_word' id='word_1_224' title='bbox 989 3139 1178 3200; x_wconf 88' lang='lat' dir='ltr'><strong>deberemus·</strong></span> 
     </span>
     <span class='ocr_line' id='line_1_32' title="bbox 221 3229 1179 3312; baseline 0.005 -23"><span class='ocrx_word' id='word_1_225' title='bbox 221 3229 359 3289; x_wconf 81' lang='lat' dir='ltr'><strong>Afflictio</strong></span> <span class='ocrx_word' id='word_1_226' title='bbox 382 3234 490 3290; x_wconf 90' lang='lat' dir='ltr'><strong>nostra</strong></span> <span class='ocrx_word' id='word_1_227' title='bbox 512 3230 626 3290; x_wconf 90' lang='lat' dir='ltr'><strong>mirum</strong></span> <span class='ocrx_word' id='word_1_228' title='bbox 649 3231 681 3288; x_wconf 91' lang='lat' dir='ltr'><strong>in</strong></span> <span class='ocrx_word' id='word_1_229' title='bbox 703 3230 828 3289; x_wconf 89' lang='lat' dir='ltr'><strong>modum</strong></span> <span class='ocrx_word' id='word_1_230' title='bbox 855 3231 1050 3308; x_wconf 83' lang='lat' dir='ltr'><strong>augebatur,</strong></span> <span class='ocrx_word' id='word_1_231' title='bbox 1075 3239 1117 3294; x_wconf 90' lang='lat' dir='ltr'><strong>ut</strong></span> <span class='ocrx_word' id='word_1_232' title='bbox 1133 3250 1179 3312; x_wconf 83' lang='lat' dir='ltr'><strong>per</strong></span> 
     </span>
     <span class='ocr_line' id='line_1_33' title="bbox 222 3324 1176 3400; baseline 0.002 -18"><span class='ocrx_word' id='word_1_233' title='bbox 222 3324 308 3382; x_wconf 78' lang='lat' dir='ltr'><strong>diem</strong></span> <span class='ocrx_word' id='word_1_234' title='bbox 336 3341 373 3383; x_wconf 88' lang='lat' dir='ltr'><strong>ac</strong></span> <span class='ocrx_word' id='word_1_235' title='bbox 401 3332 526 3384; x_wconf 76' lang='lat' dir='ltr'><strong>noctem</strong></span> <span class='ocrx_word' id='word_1_236' title='bbox 554 3337 620 3383; x_wconf 78' lang='lat' dir='ltr'><strong>eon</strong></span> <span class='ocrx_word' id='word_1_237' title='bbox 645 3327 786 3384; x_wconf 79' lang='lat' dir='ltr'><strong>tacuerit</strong></span> <span class='ocrx_word' id='word_1_238' title='bbox 804 3327 937 3400; x_wconf 82' lang='lat' dir='ltr'><strong>pupilla</strong></span> <span class='ocrx_word' id='word_1_239' title='bbox 957 3329 1044 3385; x_wconf 81' lang='lat' dir='ltr'><strong>oculi</strong></span> <span class='ocrx_word' id='word_1_240' title='bbox 1063 3330 1176 3394; x_wconf 79' lang='lat' dir='ltr'><strong>nostri,</strong></span> 
     </span>
     <span class='ocr_line' id='line_1_34' title="bbox 221 3414 1180 3499; baseline 0.008 -25"><span class='ocrx_word' id='word_1_241' title='bbox 221 3433 290 3474; x_wconf 89' lang='lat' dir='ltr'><strong>cum</strong></span> <span class='ocrx_word' id='word_1_242' title='bbox 306 3415 486 3476; x_wconf 85' lang='lat' dir='ltr'><strong>videremus</strong></span> <span class='ocrx_word' id='word_1_243' title='bbox 500 3435 570 3476; x_wconf 91' lang='lat' dir='ltr'><strong>eum</strong></span> <span class='ocrx_word' id='word_1_244' title='bbox 585 3417 771 3494; x_wconf 84' lang='lat' dir='ltr'><strong>Episcopum</strong></span> <span class='ocrx_word' id='word_1_245' title='bbox 790 3418 828 3477; x_wconf 90' lang='lat' dir='ltr'><strong>ab</strong></span> <span class='ocrx_word' id='word_1_246' title='bbox 850 3414 915 3477; x_wconf 90' lang='lat' dir='ltr'><strong>illis</strong></span> <span class='ocrx_word' id='word_1_247' title='bbox 931 3418 1083 3496; x_wconf 85' lang='lat' dir='ltr'><strong>disiungi,</strong></span> <span class='ocrx_word' id='word_1_248' title='bbox 1103 3438 1180 3499; x_wconf 84' lang='lat' dir='ltr'><strong>sepa·</strong></span> 
     </span>
    </p>
   </div>
   <div class='ocr_carea' id='block_1_2' title="bbox 286 3530 1072 3590">
    <p class='ocr_par' dir='ltr' id='par_1_4' title="bbox 286 3530 1072 3590">
     <span class='ocr_line' id='line_1_35' title="bbox 286 3530 1072 3590; baseline 0.004 -12"><span class='ocrx_word' id='word_1_249' title='bbox 286 3533 322 3589; x_wconf 80' lang='lat'><strong>(1)</strong></span> <span class='ocrx_word' id='word_1_250' title='bbox 338 3530 451 3579; x_wconf 86' lang='lat' dir='ltr'><strong>Institut.</strong></span> <span class='ocrx_word' id='word_1_251' title='bbox 463 3531 638 3580; x_wconf 66' lang='lat' dir='ltr'><strong>Ecclesiastic·</strong></span> <span class='ocrx_word' id='word_1_252' title='bbox 650 3531 697 3579; x_wconf 77' lang='lat'><strong>298</strong></span> <span class='ocrx_word' id='word_1_253' title='bbox 707 3543 765 3590; x_wconf 75' lang='lat' dir='ltr'><strong>pag.</strong></span> <span class='ocrx_word' id='word_1_254' title='bbox 779 3533 833 3580; x_wconf 83' lang='lat'>142.</span> <span class='ocrx_word' id='word_1_255' title='bbox 847 3531 907 3580; x_wconf 85' lang='lat' dir='ltr'><strong>edit.</strong></span> <span class='ocrx_word' id='word_1_256' title='bbox 919 3535 992 3584; x_wconf 77' lang='lat' dir='ltr'><strong>Rom.</strong></span> <span class='ocrx_word' id='word_1_257' title='bbox 1001 3535 1072 3584; x_wconf 79' lang='grc'><strong>1747.</strong></span> 
     </span>
    </p>
   </div>
   <div class='ocr_carea' id='block_1_3' title="bbox 0 0 1198 4194">
    <p class='ocr_par' dir='ltr' id='par_1_5' title="bbox 0 0 1198 4194">
     <span class='ocr_line' id='line_1_36' title="bbox 0 0 1198 4194; baseline 0 0"><span class='ocrx_word' id='word_1_258' title='bbox 0 0 1198 4194; x_wconf 95' lang='lat' dir='ltr'><strong> </strong></span> 
     </span>
    </p>
   </div>
  </div>
 </body>
</html>
