2372 4198
619 218 657 232 ..
677 187 737 246 333
759 218 797 232 ..

227 297 300 355 dum
321 313 427 356 sensus
449 295 543 355 etiam
567 298 753 370 respondet3
776 295 830 372 (lui
852 296 936 355 enim
961 302 1102 356 reservat
1120 297 1169 355 sibi

227 391 412 451 facultatem
434 390 575 450 intrusos
596 391 746 450 reddendi
757 390 882 450 idoneos
904 393 943 450 ad
964 390 1169 450 beneficianon

228 485 292 544 rite
313 487 474 559 occupata,
497 483 574 543 satis
596 483 713 560 liquide
743 485 832 559 patet
859 501 1024 543 reservare
1049 484 1108 542 sibi
1127 484 1170 540 mi·

230 579 312 637 nime
333 578 469 637 voluisse
485 577 647 648 beneficia,
663 595 742 653 quae
756 577 902 636 canonice
917 579 957 637 ab
970 577 1103 636 intrusis
1116 579 1171 636 ants

228 669 434 730 intrusionem
463 669 711 746 possidebantur.
735 668 914 746 Respondet
935 688 1055 746 quoque
1078 671 1172 729 intrin·

229 783 332 824 secum
354 763 446 835 illud,
463 763 542 838 quod
562 762 647 821 inter
662 764 831 837 utrumque
851 749 1073 822 beneficiorum
1096 779 1174 840 genus

229 857 399 916 intercedit
419 855 604 914 discrimen:
628 854 665 914 ad
682 855 832 915 beneficia
845 855 928 914 enim
944 861 1097 932 occupata
1110 855 1172 931 quod

228 952 355 1022 attinet,
380 948 487 1009 deficit
507 950 631 1009 intruso
656 949 822 1008 canonicus
843 949 975 1024 titulus,
999 969 1061 1027 quo
1083 965 1174 1026 nequa

228 1063 319 1122 quam
341 1043 527 1103 destituitur
544 1045 581 1102 ad
602 1061 639 1101 ea
660 1043 825 1102 retinenda
846 1045 1008 1118 beneficia,
1025 1063 1107 1122 quae
1120 1047 1174 1102 ania

227 1138 434 1199 intrusionem
457 1141 565 1197 nactus
587 1137 729 1213 legitimo
751 1137 867 1198 fuerat.
996 1136 999 1140 ’

289 1235 355 1292 Hac
376 1231 504 1308 cognita
524 1230 673 1302 veritate,
691 1231 830 1306 postulas
852 1231 962 1304 tertio,
979 1248 1056 1290 num
1082 1230 1175 1290 benet

229 1327 278 1386 cia
299 1326 441 1408 legitime
463 1326 557 1384 etiam
580 1324 721 1401 quaesita
742 1326 946 1400 amittantur,
970 1329 1004 1384 et
1025 1321 1179 1386 vacentol'

228 1419 397 1479 maximam
412 1419 521 1479 delicti
541 1418 758 1492 acerbitatem,
775 1424 840 1479 tam
854 1421 893 1479 ab
907 1419 1091 1479 intrusione
1104 1431 1174 1495 quaa

231 1514 269 1573 ab
291 1513 533 1589 irregularitate
551 1516 741 1573 manantem.
765 1515 848 1572 Haec
862 1532 956 1590 porro
971 1515 1117 1592 quaestio
1131 1511 1175 1570 tol·

230 1607 312 1666 litur
323 1625 363 1664 ex
374 1605 414 1664 iis
429 1605 505 1682 ipsis
519 1605 695 1666 rationibus
708 1625 725 1664 e
739 1607 885 1667 canonico
900 1608 969 1666 iure
986 1607 1174 1684 depromptis,

230 1702 263 1758 et
284 1717 302 1758 a
323 1701 355 1758 te
376 1716 424 1770 ea,
439 1716 500 1774 qua
514 1701 668 1775 praestas,
686 1717 790 1759 sacrae
812 1700 1086 1777 iurisprudentiae
1100 1699 1175 1758 scien·

229 1791 276 1852 tia
297 1791 558 1851 commemoratis,
576 1792 611 1850 Si
633 1792 714 1850 enim
739 1792 901 1851 sanctione
929 1794 1076 1854 canonici
1102 1791 1175 1860 iuris,

228 1883 279 1945 cui
294 1883 499 1943 celebriorum
517 1885 733 1960 theologorum
749 1884 895 1942 doctrina
906 1889 955 1944 cst
969 1889 1174 1952 consentanea.

228 1977 413 2036 intrusionis
439 1980 473 2036 et
501 1975 752 2054 irregularitatis
774 1977 821 2036 rei
844 1995 904 2036 non
933 1982 1010 2037 sunt
1031 1979 1103 2056 ipso
1121 1978 1172 2035 iura

227 2069 348 2147 privati
361 2071 411 2128 sed
424 2073 548 2129 tantum
560 2071 707 2147 privandi
715 2071 884 2143 beneficiis,
895 2089 972 2146 quae
986 2071 1173 2148 legitimean·

228 2168 281 2223 tea
300 2163 511 2240 possidebant,
528 2163 606 2222 illud
629 2165 803 2224 necessario
826 2165 980 2242 sequitur,
1000 2171 1038 2226 ut
1052 2167 1093 2227 ad
1106 2165 1170 2225 indr-

228 2257 355 2315 cendam
377 2256 555 2315 huiusmodi
570 2257 792 2317 beneficiorum
805 2258 1005 2318 amissionem
1027 2263 1163 2337 atquem·

228 2350 365 2410 cantiam
376 2351 562 2426 praeoedere
581 2352 704 2410 omnino
717 2352 829 2412 debeat
843 2353 941 2412 latum
959 2354 998 2411 de
1013 2349 1158 2430 privatos

227 2443 395 2514 iudicium3
407 2442 568 2516 iudicium,
587 2445 754 2521 inquimus,
771 2446 850 2521 quod
876 2461 1000 2522 semper
1014 2439 1162 2507 intercedat

227 2540 365 2616 oportet,
382 2537 434 2596 ubi
448 2537 586 2613 privatio
600 2537 719 2598 indicta
734 2557 792 2596 non
806 2542 855 2598 est
869 2557 926 2615 per
940 2557 1050 2600 sacros
1064 2548 1166 2598 canones

227 2634 294 2709 ipso
315 2631 397 2689 iure,
420 2630 618 2706 Quapropter
639 2631 665 2690 si
685 2631 835 2690 iudicium
856 2631 1037 2691 huiusmodi
1058 2632 1169 2691 nondun

227 2726 404 2796 latum-ast;
427 2725 459 2782 et
481 2741 591 2782 rursus
610 2722 638 2782 si
659 2741 695 2783 eo
717 2723 878 2783 deficiente
894 2724 1102 2786 beneficiatus
1115 2721 1171 2782 licet

226 2817 418 2878 atrociorum
433 2815 599 2874 criminum
620 2834 703 2890 reus,
722 2822 756 2876 ut
771 2821 805 2877 tu
820 2817 938 2894 pergis,
955 2836 1011 2877 neo
1027 2815 1172 2884 beneficio,

171 2973 172 2976 ,
226 2930 287 2988 quo
309 2909 454 2969 canonice
475 2910 603 2984 gaudet,
620 2929 675 2969 nec
697 2910 764 2970 aius
784 2909 939 2970 fructibus
960 2911 1120 2987 privatur,
1135 2925 1174 2967 ne·

226 3023 276 3064 mo
308 3021 369 3062 non
401 3001 491 3062 videt
522 3002 769 3062 reservationem
791 3020 847 3079 per
867 3003 932 3064 Nos
961 3003 1080 3064 factam
1102 3001 1174 3062 nulla

226 3098 316 3156 modo
338 3094 477 3172 potuisse
510 3112 603 3170 super
624 3113 661 3154 ea
682 3095 832 3154 beneficia
853 3099 988 3171 cadere,
1011 3117 1091 3174 quae
1112 3093 1176 3172 legi·

227 3191 305 3250 time
326 3190 364 3251 ab
385 3189 510 3247 intruso
532 3188 685 3264 aequisita
705 3190 832 3248 minime
848 3190 1015 3262 vacabant,
1032 3191 1100 3250 sive
1115 3205 1179 3266 pro*

227 3285 299 3360 pter
320 3281 541 3354 intrusionem,
563 3281 630 3340 sive
651 3286 780 3360 propter
801 3283 1089 3360 irregularitatem,
1108 3295 1172 3359 quaa

226 3379 334 3452 postea
354 3379 402 3435 est
423 3378 598 3434 consecuta.
621 3376 758 3437 Exclusa
778 3378 835 3436 hac
864 3377 1085 3438 beneficiorum
1106 3373 1171 3450 legi·

227 3469 306 3528 time
327 3468 538 3546 quaesitorum
559 3468 724 3531 vacatione
745 3469 812 3547 ipso
841 3470 925 3531 facto
955 3474 988 3532 et
1009 3472 1074 3548 ipso
1094 3469 1169 3534 iure.
