2386 4194
31 338 115 398 rebus
126 345 307 414 uermntem,
317 359 409 418 qnam
424 360 529 402 omnes
543 342 610 402 lere
624 342 799 422 gallicanae
813 341 972 404 Ecclesiae

31 432 162 511 episcopi,
182 434 296 512 aliique
318 436 424 514 plures
445 436 648 498 ecclesiastici
669 437 733 497 uiri
754 437 973 515 improbarunt

30 545 61 588 uc
78 527 271 602 refutarunt,
295 530 342 602 uti
366 530 506 608 dogmati
533 533 772 604 adversantem,
794 534 829 591 et
848 549 867 591 a
887 550 973 592 com-

29 621 104 680 muni
123 623 285 702 disciplina
297 624 534 698 abhorrentem,
549 625 736 702 praesertim
757 626 790 684 in
810 625 974 686 electioni·

28 713 87 788 bus,
107 719 138 776 et
156 717 444 780 consecrationibus
466 717 698 796 episcoporumi
717 720 805 780 Hauc
825 735 898 780 saue
910 735 973 778 ne·

27 808 164 883 uitatem,
193 829 273 888 qnae
298 811 436 872 incurrit
467 811 499 870 in
531 811 658 886 oculos,
688 830 726 872 ne
756 811 820 889 ipse
848 812 971 890 quidem

28 904 210 965 dissimulare
230 907 408 983 potuisset,
429 911 487 966 aut
506 907 677 985 obtegere,
699 906 762 966 nisi
782 897 857 968 data
878 923 974 984 opera

30 998 230 1072 praeteriisset
251 1000 392 1070 silentio,
407 1018 486 1077 quae
498 1008 659 1076 postremo
679 999 711 1059 in
725 1001 889 1061 Ganuentu
904 1000 973 1079 gal·

30 1088 114 1152 licane
124 1093 312 1153 absurdiora
332 1093 460 1154 decreta
478 1092 674 1171 prodierunt:
697 1093 759 1154 ista
772 1092 867 1180 enim,
883 1111 974 1171 prae·

29 1187 69 1242 ter
86 1185 164 1246 alias
186 1185 416 1263 improbitates,
431 1203 467 1246 eo
481 1203 647 1264 progressa
662 1186 757 1247 etiam
771 1190 857 1259 suut,
874 1187 973 1247 utine

29 1275 213 1351 instituendi,
228 1278 493 1356 confirmandique
515 1280 696 1340 tribuerent
716 1280 897 1357 cuicumque
911 1282 976 1357 epi·

28 1387 115 1448 scopo,
129 1390 188 1450 pro
199 1371 374 1434 Directouii
388 1373 536 1446 arbitrio,
551 1391 587 1434 ac
602 1373 778 1434 voluntate.

76 1467 224 1544 Perlegat
243 1466 356 1527 infelix
376 1466 450 1539 iste,
465 1466 519 1543 qui
540 1468 617 1526 ιάιο
638 1467 729 1544 louge
750 1465 781 1524 iu
797 1465 849 1525 uia
870 1465 975 1543 pendi·

35 1558 107 1620 tinnis
128 1561 298 1639 processit,
320 1561 471 1622 Nostram
492 1562 530 1621 ad
552 1559 711 1639 episcopos
726 1559 901 1621 Galliarum
923 1575 975 1619 re-

4 1684 6 1716 1
37 1655 220 1729 spadonem,
236 1672 298 1732 qua
317 1653 455 1714 omnium
476 1671 551 1714 suae
564 1654 717 1731 epistolae
730 1669 874 1712 errorum
889 1670 976 1712 meu-

36 1749 85 1808 strs
107 1748 240 1826 praevia
269 1731 484 1810 confutatione
512 1748 764 1826 prostravimus3
787 1763 879 1823 qnam
908 1745 977 1806 odit

34 1841 209 1914 ueritatem,
230 1841 263 1900 iu
285 1841 418 1918 singulis
441 1840 586 1902 articulis
608 1840 773 1902 manifeste
801 1839 975 1900 elucentem

31 1933 238 2011 deprehendet.
255 1936 344 1996 Sciat
364 1936 500 2009 interea,
516 1953 548 1994 se
564 1935 623 1994 sibi
644 1933 705 2012 ipsi
726 1932 915 1994 sententiam
930 1932 977 1990 di·

34 2027 106 2090 xisse.
129 2030 166 2091 Si
188 2029 273 2089 euim
294 2046 405 2089 verum
427 2032 487 2100 est,
503 2029 595 2088 iuxta
609 2032 748 2088 veterem
764 2025 974 2104 disciplinam,

37 2136 67 2178 cn
78 2141 196 2184 cunone
210 2123 363 2196 Nicaeae,
380 2123 514 2200 quomis
535 2124 567 2182 in
590 2122 728 2184 medinm
749 2120 889 2192 adducit,
906 2137 976 2197 pro-

35 2213 176 2289 fluentem,
192 2233 269 2293 opus
289 2217 415 2276 omnino
428 2233 519 2289 esse,
542 2220 578 2275 ut
598 2215 719 2274 electus
739 2213 778 2274 ad
800 2212 976 2290 legitimum

2 2346 4 2348 -
31 2309 142 2372 titulum
168 2311 419 2384 nanciscendum,
434 2329 490 2394 per
510 2309 788 2386 metropolitanum
803 2325 892 2368 snum
907 2325 978 2368 con·

28 2401 209 2474 irmaretur3
224 2404 305 2480 quod
324 2402 448 2480 quidem
463 2402 777 2479 metropolitanorum
791 2400 840 2461 ius
852 2419 873 2461 a
887 2399 977 2460 Sedis

27 2498 206 2574 apostolicae
228 2494 297 2556 iure
317 2496 488 2568 manabat;
509 2496 563 2572 qui
584 2496 654 2555 fleri
675 2495 805 2572 poterit,
829 2498 865 2554 ut
884 2511 978 2554 ιιιο-

27 2591 97 2666 nice,
109 2597 144 2654 et
158 2592 301 2669 legitime
317 2591 489 2652 immissum
503 2609 536 2650 se
550 2594 643 2667 putet
653 2591 810 2668 limpilly,
824 2590 897 2648 dum
907 2606 979 2648 con·

26 2687 221 2746 coemtionem
243 2701 331 2744 suam
354 2701 413 2742 non
437 2683 667 2761 archiepiscope
685 2682 872 2753 Turonensi,
890 2679 978 2740 cuius

27 2780 213 2860 suffraganea
233 2783 282 2840 est
301 2779 544 2856 corisopitensis
565 2779 726 2852 Ecclesia,
742 2778 794 2838 sed
819 2775 892 2836 eliis
912 2774 979 2852 epi-

28 2875 114 2950 scopis
134 2873 257 2933 reterre
278 2872 371 2931 debet
389 2872 571 2949 acceptami
591 2871 632 2932 Hi
653 2871 747 2943 enim,
762 2887 831 2930 cum
846 2869 883 2929 ad
899 2867 977 2928 alie-
1024 2907 1027 2916 ·

31 2981 73 3025 ιιι
91 2965 270 3044 prouincias
291 2965 492 3042 pertineant,
515 2965 542 3024 si
563 2961 717 3042 sacrilege
738 2981 814 3025 ausu
836 2963 977 3022 ordinem

30 3063 187 3134 potueruut
207 3060 307 3118 eidem
329 3059 484 3132 conferre,
500 3059 713 3136 nequiverunt
726 3056 867 3135 proiecto
882 3055 977 3116 iuris·

28 3152 184 3214 dictionem
206 3151 372 3226 tribuere,
394 3170 457 3228 qua
482 3151 544 3228 ipsi
571 3169 693 3228 quoque
721 3150 812 3209 iuxta
839 3149 977 3209 omnium

27 3251 157 3308 aetatum
178 3245 388 3324 disciplinam,
404 3245 623 3305 destituuntur
637 3243 772 3305 omnine.
788 3245 871 3304 Haec
885 3259 979 3321 porro

28 3337 243 3401 iurisdictionis
264 3338 468 3398 conferendae
489 3342 640 3415 potestas,
656 3355 696 3398 ex
710 3356 793 3398 nova
814 3336 978 3414 disciplina

27 3448 43 3490 a
61 3433 199 3510 pluribus
220 3432 351 3494 saeculis
373 3432 435 3492 iam
456 3435 595 3508 recepta,
619 3450 638 3492 a
658 3430 799 3492 conciliis
820 3428 979 3508 generali·

1 3559 3 3580 1
28 3521 90 3599 bus,
109 3530 142 3588 et
161 3529 200 3588 ab
219 3527 297 3606 ipsis
317 3527 521 3587 Concordatis
541 3525 738 3599 confirmata,
755 3542 793 3584 ne
807 3525 846 3585 ad
861 3526 978 3583 metro-
