2386 4194
372 197 552 260 -103-

19 306 149 367 »stitutio
174 303 313 368 Toletani
346 305 478 367 Ooncilii
507 307 562 368 IV.
586 303 709 384 (habiti
736 323 817 366 anno
845 306 904 368 521
918 304 943 383 ),

19 399 126 462 »Gaias
147 403 272 476 Patres,
302 404 374 479 post
401 399 576 479 expositam
603 399 799 462 (iatholicam
827 399 942 473 ddem,

20 495 108 556 »nihil
120 495 267 573 antiquins
282 494 481 570 habuerunt,
497 511 589 573 qnam
606 498 643 557 ut
657 495 843 556 uniformem
858 496 942 574 psal·

19 589 112 648 »leodi
129 591 242 650 modum
264 591 477 651 adstruerent.
499 589 615 651 canon.
631 589 690 652 2.»
711 591 762 651 lta
781 589 945 668 antiquum

17 683 159 744 huiusmodi
177 683 275 745 ritum
295 683 418 744 indicat
444 681 647 745 idabillonius
672 682 705 742 in
728 679 945 762 disquisitione

18 777 44 838 de
58 782 137 838 cantu
156 777 315 840 Gallicano
332 777 389 854 (l).

61 872 132 939 Quod
152 870 248 949 igitur
269 870 332 932 iam
354 871 393 932 ab
414 867 641 948 antiquissimis
660 871 793 935 saeculis
807 870 948 934 Ecclesia

23 963 147 1024 Gallicana
166 964 322 1025 instrucre
345 981 381 1026 ac
402 963 548 1025 stabilire
570 966 736 1042 tantopere
757 966 892 1041 studuit,
909 967 946 1027 ut

23 1057 52 1114 soi
73 1057 269 1119 lloclesiastici
297 1057 329 1117 in
351 1057 579 1119 canonicorum
608 1059 707 1136 mado
729 1059 841 1119 decora
861 1058 944 1121 sacri

20 1151 124 1210 noueris
142 1150 341 1228 occupatione
362 1150 600 1223 detinerentur,
615 1153 711 1228 utque
732 1150 840 1211 fideles
854 1154 945 1212 tanto

20 1243 90 1319 nugis
107 1245 139 1304 ed
160 1245 333 1318 Ecclesiae,
353 1261 461 1305 corum
483 1243 701 1322 perfunctione
722 1243 855 1308 invitati
876 1263 946 1306 con-

20 1343 164 1412 currerent,
183 1341 221 1399 ad
242 1339 482 1417 contemplanda
503 1337 610 1400 divina
631 1339 803 1419 mysteria,
820 1339 858 1401 ad
873 1357 943 1400 oon-

21 1435 167 1506 sequendam
181 1433 237 1495 Dei
252 1434 375 1512 gratiae
388 1431 692 1509 reconciliationem
706 1433 840 1512 idipsum
854 1435 944 1494 modo

23 1521 160 1587 liationalis
179 1529 359 1589 Oonventns
380 1547 440 1589 uno
462 1529 594 1590 Decreto
616 1545 689 1602 suo,
705 1546 765 1588 non
786 1527 854 1589 sina
875 1527 945 1605 plo·

27 1613 79 1674 dna
96 1619 224 1680 omnium
252 1619 437 1696 offensione,
466 1625 596 1699 repente
624 1621 775 1694 sustulit,
800 1619 944 1694 evertit,

26 1706 139 1788 abolerit3
154 1732 214 1792 qna
234 1715 267 1774 in
289 1717 379 1793 parte
405 1719 555 1793 sequutus
575 1717 625 1776 est
645 1713 747 1791 (sicut
767 1715 799 1774 in
820 1713 943 1776 cunctis

23 1801 108 1866 decreti
126 1808 287 1887 articulis)
301 1809 533 1870 haereticorum
555 1808 724 1883 dictamen,
738 1825 775 1868 ac
796 1808 830 1866 in
851 1823 945 1884 prae-

21 1897 76 1953 send
91 1901 195 1963 deliria
221 1904 488 1981 Wiclesssturam,
511 1900 841 1979 Mupdeburpensium
864 1896 945 1960 cen·

24 1993 198 2068 tariotarum,
222 2003 255 2055 ct
282 1993 433 2068 Caluini,
460 1995 513 2072 qni
541 1994 574 2055 in
603 1997 713 2057 cantus
740 1990 944 2054 ecclesiastici

25 2083 221 2162 antiquitatem,
244 2094 278 2148 et
298 2105 387 2149 usum
410 2089 591 2151 debacchati
618 2091 711 2162 suut,
735 2089 847 2150 contra
868 2101 944 2165 quos

24 2175 102 2248 copiose
120 2182 187 2259 agit
208 2183 246 2242 P.
268 2181 425 2244 Martinus
449 2179 598 2255 Ges-bert,
622 2183 726 2243 Abbns
753 2177 941 2242 Mouasterii

20 2269 41 2323 et
54 2270 294 2353 dangregationis
315 2274 348 2335 S.
365 2272 474 2334 Basilii
496 2272 529 2333 ln
550 2275 652 2353 Sylva
671 2275 772 2354 Nigra
786 2273 844 2354 (2).
862 2272 944 2348 Qui,

20 2373 64 2419 eun
80 2383 148 2426 anno
171 2367 251 2428 1782
272 2367 486 2428 vindobonam
507 2367 684 2446 Religionis
704 2385 798 2442 causa
815 2365 946 2430 accessi·

20 2463 77 2526 nus,
89 2457 201 2532 pluries
214 2460 281 2522 Nos
302 2458 401 2532 adiit,
416 2457 574 2538 Nobisque
595 2476 700 2521 coram
715 2459 945 2538 comprobarit,

24 2557 83 2614 lieu
106 2552 217 2613 merito
247 2557 311 2614 tam
339 2551 500 2613 illustrem
525 2553 574 2614 sni
596 2553 731 2614 nominis
752 2553 866 2614 lamam
888 2551 948 2612 sibi

24 2646 225 2716 conparaverit.

59 2733 105 2794 Sed
124 2739 300 2815 expendant
326 2739 454 2816 oportet
473 2739 601 2800 Decreti
627 2741 792 2812 auctores,
815 2737 889 2815 qnid
912 2737 945 2797 in

20 2818 111 2896 Synodo
129 2830 353 2904 Atrebatensi,
375 2829 450 2892 anni
480 2829 559 2892 1025
581 2828 638 2912 (3),
660 2831 839 2896 huiusmodi
860 2830 945 2907 psal·

22 2919 106 2983 undise
119 2925 261 2986 hostibus
273 2924 424 2986 historice
436 2928 470 2984 et
483 2925 659 3004 dogmatice
673 2924 822 2998 edicitur,
836 2926 873 2984 ut
884 2941 949 2986 ma·

22 3003 61 3069 iori
81 3033 191 3097 semper
219 3019 409 3080 verecundia
437 3019 681 3098 perfundantur.
706 3019 811 3087 «Quis
841 3021 946 3080 autam

21 3196 213 3322 immam&
229 3211 292 3250 snae
309 3199 401 3248 Gelda
419 3201 519 3262 meme.
537 3199 562 3265 §.
573 3205 604 3261 v,
622 3213 692 3250 nnn.
710 3203 750 3260 40,
770 3216 797 3262 p.
813 3202 869 3261 410,
886 3199 948 3250 sus.

63 3346 91 3400 (ll
104 3309 230 3401 De'oantn
242 3355 272 3400 at
286 3351 386 3400 musice
402 3363 484 3411 nora,
501 3354 562 3401 tom.
575 3338 610 3411 11ss
621 3351 666 3401 lib.
680 3353 725 3410 IV,
738 3365 794 3414 cap.
805 3355 840 3400 11.

23 3495 55 3549 m
64 3420 156 3548 (Reiiap.
175 3429 232 3488 xil,
250 3428 282 3480 de
300 3427 427 3489 psallendi
444 3429 525 3478 officio
540 3429 569 3480 ln
586 3430 684 3480 conec.
704 3431 799 3488 Lethe,
821 3432 883 3479 tom.
902 3430 947 3486 XI,

57 3526 61 3538 ·
112 3506 161 3552 let
177 3519 229 3566 aeq.
