<?xml version="1.0" encoding="UTF-8"?>
<!DOCTYPE html PUBLIC "-//W3C//DTD XHTML 1.0 Transitional//EN"
    "http://www.w3.org/TR/xhtml1/DTD/xhtml1-transitional.dtd">
<html xmlns="http://www.w3.org/1999/xhtml" xml:lang="en" lang="en">
 <head>
  <title>
</title>
<meta http-equiv="Content-Type" content="text/html;charset=utf-8" />
  <meta name='ocr-system' content='tesseract 3.04.00' />
  <meta name='ocr-capabilities' content='ocr_page ocr_carea ocr_par ocr_line ocrx_word'/>
</head>
<body>
  <div class='ocr_page' id='page_1' title='image "./piivipontmaxact00piusgoog_0161.png"; bbox 0 0 2386 4194; ppageno 0'>
   <div class='ocr_carea' id='block_1_1' title="bbox 229 289 1178 3551">
    <p class='ocr_par' dir='ltr' id='par_1_1' title="bbox 229 176 1178 2705">
     <span class='ocr_line' id='line_1_1' title="bbox 231 289 1162 367; baseline -0.001 -19"><span class='ocrx_word' id='word_1_1' title='bbox 231 290 281 350; x_wconf 93' lang='lat' dir='ltr'><strong>ior</strong></span> <span class='ocrx_word' id='word_1_2' title='bbox 300 289 523 367; x_wconf 87' lang='lat' dir='ltr'><strong>Episcoporum</strong></span> <span class='ocrx_word' id='word_1_3' title='bbox 547 290 782 351; x_wconf 81' lang='lat' dir='ltr'><strong>Gallicanorum</strong></span> <span class='ocrx_word' id='word_1_4' title='bbox 804 307 877 367; x_wconf 83' lang='lat' dir='ltr'><strong>pars</strong></span> <span class='ocrx_word' id='word_1_5' title='bbox 897 307 953 349; x_wconf 91' lang='lat' dir='ltr'><strong>sua</strong></span> <span class='ocrx_word' id='word_1_6' title='bbox 970 291 1072 366; x_wconf 83' lang='lat' dir='ltr'><strong>sponte</strong></span> <span class='ocrx_word' id='word_1_7' title='bbox 1085 291 1162 365; x_wconf 83' lang='lat' dir='ltr'><strong>pasto</strong></span> 
     </span>
     <span class='ocr_line' id='line_1_2' title="bbox 230 361 1172 456; baseline 0 -12"><span class='ocrx_word' id='word_1_8' title='bbox 230 383 311 444; x_wconf 86' lang='lat' dir='ltr'><strong>ralis</strong></span> <span class='ocrx_word' id='word_1_9' title='bbox 335 383 383 442; x_wconf 88' lang='lat' dir='ltr'><strong>sui</strong></span> <span class='ocrx_word' id='word_1_10' title='bbox 411 383 551 444; x_wconf 90' lang='lat' dir='ltr'><strong>muneris</strong></span> <span class='ocrx_word' id='word_1_11' title='bbox 575 383 683 444; x_wconf 87' lang='lat' dir='ltr'><strong>officiis</strong></span> <span class='ocrx_word' id='word_1_12' title='bbox 711 384 843 456; x_wconf 88' lang='lat' dir='ltr'><strong>adacta,</strong></span> <span class='ocrx_word' id='word_1_13' title='bbox 866 390 901 444; x_wconf 91' lang='lat' dir='ltr'><strong>et</strong></span> <span class='ocrx_word' id='word_1_14' title='bbox 921 400 1024 444; x_wconf 89' lang='lat' dir='ltr'><strong>amore</strong></span> <span class='ocrx_word' id='word_1_15' title='bbox 1046 361 1172 444; x_wconf 59' lang='lat' dir='ltr'><strong>veritatis*</strong></span> 
     </span>
     <span class='ocr_line' id='line_1_3' title="bbox 232 475 1173 584; baseline -0.005 -46"><span class='ocrx_word' id='word_1_16' title='bbox 232 479 379 550; x_wconf 90' lang='lat' dir='ltr'><strong>incensa,</strong></span> <span class='ocrx_word' id='word_1_17' title='bbox 406 482 587 539; x_wconf 77' lang='lat' dir='ltr'><strong>constanter</strong></span> <span class='ocrx_word' id='word_1_18' title='bbox 607 477 873 539; x_wconf 79' lang='lat' dir='ltr'><strong>adversabatur</strong></span> <span class='ocrx_word' id='word_1_19' title='bbox 864 477 925 555; x_wconf 81' lang='lat' dir='ltr'><strong>ipsi</strong></span> <span class='ocrx_word' id='word_1_20' title='bbox 946 475 1162 546; x_wconf 77' lang='lat' dir='ltr'><strong>constitutioni,</strong></span> <span class='ocrx_word' id='word_1_21' title='bbox 1157 496 1173 584; x_wconf 53' lang='lat' dir='ltr'><strong>‚q</strong></span> 
     </span>
     <span class='ocr_line' id='line_1_4' title="bbox 230 569 1173 678; baseline -0.005 -46"><span class='ocrx_word' id='word_1_22' title='bbox 230 590 361 678; x_wconf 81' lang='lat' dir='ltr'><strong>eamque</strong></span> <span class='ocrx_word' id='word_1_23' title='bbox 384 571 615 649; x_wconf 88' lang='lat' dir='ltr'><strong>oppugnabat</strong></span> <span class='ocrx_word' id='word_1_24' title='bbox 605 590 639 631; x_wconf 92' lang='grc' dir='ltr'><strong>ιιι</strong></span> <span class='ocrx_word' id='word_1_25' title='bbox 654 573 694 632; x_wconf 82' lang='grc' dir='ltr'><strong>ιιι</strong></span> <span class='ocrx_word' id='word_1_26' title='bbox 713 572 856 632; x_wconf 90' lang='lat' dir='ltr'><strong>omnibus</strong></span> <span class='ocrx_word' id='word_1_27' title='bbox 867 589 970 648; x_wconf 89' lang='lat' dir='ltr'><strong>,quae</strong></span> <span class='ocrx_word' id='word_1_28' title='bbox 984 572 1021 630; x_wconf 93' lang='lat' dir='ltr'><strong>ad</strong></span> <span class='ocrx_word' id='word_1_29' title='bbox 1036 569 1173 634; x_wconf 78' lang='lat' dir='ltr'><strong>Ecclesiae</strong></span> 
     </span>
     <span class='ocr_line' id='line_1_5' title="bbox 231 643 1173 743; baseline -0.005 -18"><span class='ocrx_word' id='word_1_30' title='bbox 231 665 371 743; x_wconf 89' lang='lat' dir='ltr'><strong>regimen</strong></span> <span class='ocrx_word' id='word_1_31' title='bbox 393 665 604 742; x_wconf 75' lang='lat' dir='ltr'><strong>pertinerent.</strong></span> <span class='ocrx_word' id='word_1_32' title='bbox 620 665 701 726; x_wconf 88' lang='lat' dir='ltr'><strong>Huic</strong></span> <span class='ocrx_word' id='word_1_33' title='bbox 719 669 826 726; x_wconf 90' lang='lat' dir='ltr'><strong>autom</strong></span> <span class='ocrx_word' id='word_1_34' title='bbox 840 663 1046 726; x_wconf 85' lang='lat' dir='ltr'><strong>consolationi</strong></span> <span class='ocrx_word' id='word_1_35' title='bbox 1058 643 1173 725; x_wconf 80' lang='lat' dir='ltr'><strong>Nostrae</strong></span> 
     </span>
     <span class='ocr_line' id='line_1_6' title="bbox 234 743 1173 838; baseline -0.008 -19"><span class='ocrx_word' id='word_1_36' title='bbox 234 779 331 819; x_wconf 82' lang='lat' dir='ltr'><strong>novus</strong></span> <span class='ocrx_word' id='word_1_37' title='bbox 352 778 473 838; x_wconf 90' lang='lat' dir='ltr'><strong>quoque</strong></span> <span class='ocrx_word' id='word_1_38' title='bbox 502 760 645 820; x_wconf 90' lang='lat' dir='ltr'><strong>cumulus</strong></span> <span class='ocrx_word' id='word_1_39' title='bbox 672 760 827 830; x_wconf 89' lang='lat' dir='ltr'><strong>accessit,</strong></span> <span class='ocrx_word' id='word_1_40' title='bbox 853 759 906 819; x_wconf 95' lang='lat' dir='ltr'><strong>ubi</strong></span> <span class='ocrx_word' id='word_1_41' title='bbox 933 759 1071 819; x_wconf 85' lang='lat' dir='ltr'><strong>Dilectus</strong></span> <span class='ocrx_word' id='word_1_42' title='bbox 1089 743 1173 816; x_wconf 86' lang='lat' dir='ltr'><strong>Filius</strong></span> 
     </span>
     <span class='ocr_line' id='line_1_7' title="bbox 230 848 1164 932; baseline -0.011 -17"><span class='ocrx_word' id='word_1_43' title='bbox 230 855 394 915; x_wconf 88' lang='lat' dir='ltr'><strong>NosterS.</strong></span> <span class='ocrx_word' id='word_1_44' title='bbox 407 856 447 914; x_wconf 89' lang='lat' dir='ltr'><strong>R.</strong></span> <span class='ocrx_word' id='word_1_45' title='bbox 460 856 496 914; x_wconf 88' lang='lat' dir='ltr'><strong>E.</strong></span> <span class='ocrx_word' id='word_1_46' title='bbox 510 853 960 932; x_wconf 81' lang='lat' dir='ltr'><strong>OardinalisRupeiuoaldins‚</strong></span> <span class='ocrx_word' id='word_1_47' title='bbox 976 848 1164 911; x_wconf 76' lang='lat' dir='ltr'><strong>venerabiles·</strong></span> 
     </span>
     <span class='ocr_line' id='line_1_8' title="bbox 230 939 1165 1025; baseline -0.009 -19"><span class='ocrx_word' id='word_1_48' title='bbox 230 964 290 1023; x_wconf 87' lang='lat' dir='ltr'><strong>que</strong></span> <span class='ocrx_word' id='word_1_49' title='bbox 312 947 443 1007; x_wconf 84' lang='lat' dir='ltr'><strong>Fratres</strong></span> <span class='ocrx_word' id='word_1_50' title='bbox 468 946 729 1024; x_wconf 84' lang='lat' dir='ltr'><strong>Archiepiscopus</strong></span> <span class='ocrx_word' id='word_1_51' title='bbox 743 945 911 1025; x_wconf 83' lang='lat' dir='ltr'><strong>Aquensis,</strong></span> <span class='ocrx_word' id='word_1_52' title='bbox 927 945 1046 1023; x_wconf 89' lang='lat' dir='ltr'><strong>aliique</strong></span> <span class='ocrx_word' id='word_1_53' title='bbox 1065 939 1143 1004; x_wconf 82' lang='lat' dir='ltr'><strong>Arci</strong></span> <span class='ocrx_word' id='word_1_54' title='bbox 1137 957 1165 998; x_wconf 85' lang='lat' dir='ltr'><strong>ie·</strong></span> 
     </span>
     <span class='ocr_line' id='line_1_9' title="bbox 230 1035 1164 1119; baseline -0.009 -21"><span class='ocrx_word' id='word_1_55' title='bbox 230 1039 370 1119; x_wconf 87' lang='lat' dir='ltr'><strong>piscopi,</strong></span> <span class='ocrx_word' id='word_1_56' title='bbox 393 1044 427 1100; x_wconf 92' lang='lat' dir='ltr'><strong>et</strong></span> <span class='ocrx_word' id='word_1_57' title='bbox 446 1040 592 1117; x_wconf 84' lang='lat' dir='ltr'><strong>Episcopi</strong></span> <span class='ocrx_word' id='word_1_58' title='bbox 614 1041 651 1100; x_wconf 92' lang='lat' dir='ltr'><strong>ad</strong></span> <span class='ocrx_word' id='word_1_59' title='bbox 676 1057 840 1100; x_wconf 89' lang='lat' dir='ltr'><strong>numerum</strong></span> <span class='ocrx_word' id='word_1_60' title='bbox 862 1057 958 1116; x_wconf 91' lang='lat' dir='ltr'><strong>usque</strong></span> <span class='ocrx_word' id='word_1_61' title='bbox 980 1035 1126 1113; x_wconf 86' lang='lat' dir='ltr'><strong>triginta,</strong></span> <span class='ocrx_word' id='word_1_62' title='bbox 1142 1037 1164 1090; x_wconf 90' lang='lat' dir='ltr'><strong>nt</strong></span> 
     </span>
     <span class='ocr_line' id='line_1_10' title="bbox 231 1129 1161 1211; baseline -0.013 -17"><span class='ocrx_word' id='word_1_63' title='bbox 231 1138 280 1194; x_wconf 91' lang='lat' dir='ltr'><strong>tot</strong></span> <span class='ocrx_word' id='word_1_64' title='bbox 300 1133 459 1211; x_wconf 88' lang='lat' dir='ltr'><strong>tantisque</strong></span> <span class='ocrx_word' id='word_1_65' title='bbox 482 1133 574 1193; x_wconf 88' lang='lat' dir='ltr'><strong>malis</strong></span> <span class='ocrx_word' id='word_1_66' title='bbox 595 1135 820 1206; x_wconf 87' lang='lat' dir='ltr'><strong>occurrerent,</strong></span> <span class='ocrx_word' id='word_1_67' title='bbox 837 1135 874 1193; x_wconf 91' lang='lat' dir='ltr'><strong>ad</strong></span> <span class='ocrx_word' id='word_1_68' title='bbox 889 1135 955 1194; x_wconf 92' lang='lat' dir='ltr'><strong>Nos</strong></span> <span class='ocrx_word' id='word_1_69' title='bbox 969 1129 1161 1206; x_wconf 79' lang='lat' dir='ltr'><strong>confugerunt.</strong></span> 
     </span>
     <span class='ocr_line' id='line_1_11' title="bbox 231 1221 1175 1303; baseline -0.015 -14"><span class='ocrx_word' id='word_1_70' title='bbox 231 1229 280 1289; x_wconf 90' lang='lat' dir='ltr'><strong>die</strong></span> <span class='ocrx_word' id='word_1_71' title='bbox 296 1227 335 1289; x_wconf 91' lang='grc'><strong>10</strong></span> <span class='ocrx_word' id='word_1_72' title='bbox 354 1228 499 1288; x_wconf 87' lang='lat' dir='ltr'><strong>Octobris</strong></span> <span class='ocrx_word' id='word_1_73' title='bbox 520 1227 655 1288; x_wconf 84' lang='lat' dir='ltr'><strong>Litteris</strong></span> <span class='ocrx_word' id='word_1_74' title='bbox 670 1227 752 1289; x_wconf 92' lang='lat' dir='ltr'><strong>datis</strong></span> <span class='ocrx_word' id='word_1_75' title='bbox 756 1227 1029 1303; x_wconf 77' lang='lat' dir='ltr'><strong>,Empoaitionem</strong></span> <span class='ocrx_word' id='word_1_76' title='bbox 1044 1221 1175 1302; x_wconf 88' lang='lat' dir='ltr'><strong>miserunt</strong></span> 
     </span>
     <span class='ocr_line' id='line_1_12' title="bbox 229 1316 1159 1398; baseline -0.014 -16"><span class='ocrx_word' id='word_1_77' title='bbox 229 1339 325 1398; x_wconf 76' lang='lat' dir='ltr'><strong>super</strong></span> <span class='ocrx_word' id='word_1_78' title='bbox 350 1323 528 1398; x_wconf 78' lang='lat' dir='ltr'><strong>principiis</strong></span> <span class='ocrx_word' id='word_1_79' title='bbox 549 1319 802 1382; x_wconf 77' lang='lat' dir='ltr'><strong>Constitutioais</strong></span> <span class='ocrx_word' id='word_1_80' title='bbox 827 1320 934 1394; x_wconf 79' lang='lat' dir='ltr'><strong>Glari,</strong></span> <span class='ocrx_word' id='word_1_81' title='bbox 963 1338 1020 1379; x_wconf 90' lang='lat' dir='ltr'><strong>suo</strong></span> <span class='ocrx_word' id='word_1_82' title='bbox 1048 1316 1159 1389; x_wconf 83' lang='lat' dir='ltr'><strong>cuiusque</strong></span> 
     </span>
     <span class='ocr_line' id='line_1_13' title="bbox 230 1413 1176 1498; baseline -0.008 -24"><span class='ocrx_word' id='word_1_83' title='bbox 230 1414 354 1474; x_wconf 90' lang='lat' dir='ltr'><strong>nomine</strong></span> <span class='ocrx_word' id='word_1_84' title='bbox 376 1414 607 1492; x_wconf 87' lang='lat' dir='ltr'><strong>subscriptam,</strong></span> <span class='ocrx_word' id='word_1_85' title='bbox 630 1414 856 1492; x_wconf 91' lang='lat' dir='ltr'><strong>consiliumque</strong></span> <span class='ocrx_word' id='word_1_86' title='bbox 876 1416 1031 1477; x_wconf 87' lang='lat' dir='ltr'><strong>Nostrum</strong></span> <span class='ocrx_word' id='word_1_87' title='bbox 1054 1413 1086 1470; x_wconf 89' lang='lat' dir='ltr'><strong>et</strong></span> <span class='ocrx_word' id='word_1_88' title='bbox 1103 1421 1176 1498; x_wconf 81' lang='lat' dir='ltr'><strong>oper</strong></span> 
     </span>
     <span class='ocr_line' id='line_1_14' title="bbox 229 1507 1176 1586; baseline -0.013 -19"><span class='ocrx_word' id='word_1_89' title='bbox 229 1508 455 1586; x_wconf 89' lang='lat' dir='ltr'><strong>postularunt,</strong></span> <span class='ocrx_word' id='word_1_90' title='bbox 481 1510 515 1568; x_wconf 93' lang='lat' dir='ltr'><strong>et</strong></span> <span class='ocrx_word' id='word_1_91' title='bbox 537 1510 639 1568; x_wconf 88' lang='lat' dir='ltr'><strong>tutam</strong></span> <span class='ocrx_word' id='word_1_92' title='bbox 662 1507 774 1584; x_wconf 84' lang='lat' dir='ltr'><strong>agendi</strong></span> <span class='ocrx_word' id='word_1_93' title='bbox 797 1519 960 1578; x_wconf 89' lang='lat' dir='ltr'><strong>normam,</strong></span> <span class='ocrx_word' id='word_1_94' title='bbox 983 1507 1016 1564; x_wconf 95' lang='lat' dir='ltr'><strong>in</strong></span> <span class='ocrx_word' id='word_1_95' title='bbox 1043 1521 1099 1581; x_wconf 88' lang='lat' dir='ltr'><strong>qua</strong></span> <span class='ocrx_word' id='word_1_96' title='bbox 1115 1507 1176 1558; x_wconf 88' lang='lat' dir='ltr'><strong>con·</strong></span> 
     </span>
     <span class='ocr_line' id='line_1_15' title="bbox 230 1589 1162 1679; baseline -0.012 -18"><span class='ocrx_word' id='word_1_97' title='bbox 230 1601 437 1679; x_wconf 89' lang='lat' dir='ltr'><strong>quiescerent,</strong></span> <span class='ocrx_word' id='word_1_98' title='bbox 453 1601 582 1663; x_wconf 93' lang='lat' dir='ltr'><strong>aNobis</strong></span> <span class='ocrx_word' id='word_1_99' title='bbox 593 1601 823 1678; x_wconf 85' lang='lat' dir='ltr'><strong>exquisierunt,</strong></span> <span class='ocrx_word' id='word_1_100' title='bbox 838 1605 997 1676; x_wconf 87' lang='lat' dir='ltr'><strong>tamquam</strong></span> <span class='ocrx_word' id='word_1_101' title='bbox 1013 1589 1162 1659; x_wconf 85' lang='lat' dir='ltr'><strong>acomnmi</strong></span> 
     </span>
     <span class='ocr_line' id='line_1_16' title="bbox 230 1691 1162 1776; baseline -0.009 -18"><span class='ocrx_word' id='word_1_102' title='bbox 230 1698 406 1776; x_wconf 90' lang='lat' dir='ltr'><strong>Magistro,</strong></span> <span class='ocrx_word' id='word_1_103' title='bbox 431 1699 466 1755; x_wconf 90' lang='lat' dir='ltr'><strong>et</strong></span> <span class='ocrx_word' id='word_1_104' title='bbox 489 1698 639 1758; x_wconf 74' lang='lat' dir='ltr'><strong>Parenta</strong></span> <span class='ocrx_word' id='word_1_105' title='bbox 669 1697 751 1757; x_wconf 90' lang='lat' dir='ltr'><strong>Illud</strong></span> <span class='ocrx_word' id='word_1_106' title='bbox 774 1713 894 1774; x_wconf 88' lang='lat' dir='ltr'><strong>quoque</strong></span> <span class='ocrx_word' id='word_1_107' title='bbox 915 1695 1018 1772; x_wconf 87' lang='lat' dir='ltr'><strong>magis</strong></span> <span class='ocrx_word' id='word_1_108' title='bbox 1038 1691 1162 1770; x_wconf 75' lang='lat' dir='ltr'><strong>magisque</strong></span> 
     </span>
     <span class='ocr_line' id='line_1_17' title="bbox 230 1775 1164 1865; baseline -0.012 -14"><span class='ocrx_word' id='word_1_109' title='bbox 230 1792 381 1852; x_wconf 84' lang='lat' dir='ltr'><strong>Nostram</strong></span> <span class='ocrx_word' id='word_1_110' title='bbox 407 1790 652 1850; x_wconf 90' lang='lat' dir='ltr'><strong>consolationem</strong></span> <span class='ocrx_word' id='word_1_111' title='bbox 681 1790 832 1862; x_wconf 84' lang='lat' dir='ltr'><strong>adauxit,</strong></span> <span class='ocrx_word' id='word_1_112' title='bbox 859 1789 939 1865; x_wconf 92' lang='lat' dir='ltr'><strong>quod</strong></span> <span class='ocrx_word' id='word_1_113' title='bbox 969 1787 1027 1847; x_wconf 92' lang='lat' dir='ltr'><strong>alii</strong></span> <span class='ocrx_word' id='word_1_114' title='bbox 1055 1775 1164 1862; x_wconf 79' lang='lat' dir='ltr'><strong>Episcopi</strong></span> 
     </span>
     <span class='ocr_line' id='line_1_18' title="bbox 231 1877 1177 1961; baseline -0.015 -19"><span class='ocrx_word' id='word_1_115' title='bbox 231 1883 308 1943; x_wconf 89' lang='lat' dir='ltr'><strong>bene</strong></span> <span class='ocrx_word' id='word_1_116' title='bbox 330 1883 437 1958; x_wconf 89' lang='lat' dir='ltr'><strong>multi,</strong></span> <span class='ocrx_word' id='word_1_117' title='bbox 458 1883 567 1960; x_wconf 89' lang='lat' dir='ltr'><strong>primis</strong></span> <span class='ocrx_word' id='word_1_118' title='bbox 588 1884 741 1956; x_wconf 86' lang='lat' dir='ltr'><strong>adiuncti,</strong></span> <span class='ocrx_word' id='word_1_119' title='bbox 759 1883 951 1961; x_wconf 89' lang='lat' dir='ltr'><strong>praedictam</strong></span> <span class='ocrx_word' id='word_1_120' title='bbox 973 1880 1079 1958; x_wconf 87' lang='lat' dir='ltr'><strong>exposi</strong></span> <span class='ocrx_word' id='word_1_121' title='bbox 1081 1877 1177 1937; x_wconf 89' lang='lat' dir='ltr'><strong>tionen</strong></span> 
     </span>
     <span class='ocr_line' id='line_1_19' title="bbox 232 1965 1164 2055; baseline -0.009 -17"><span class='ocrx_word' id='word_1_122' title='bbox 232 1977 369 2055; x_wconf 87' lang='lat' dir='ltr'><strong>amplexi</strong></span> <span class='ocrx_word' id='word_1_123' title='bbox 391 1977 530 2051; x_wconf 78' lang='lat' dir='ltr'><strong>fuerant,</strong></span> <span class='ocrx_word' id='word_1_124' title='bbox 546 1977 594 2037; x_wconf 93' lang='lat' dir='ltr'><strong>ita</strong></span> <span class='ocrx_word' id='word_1_125' title='bbox 614 1979 651 2038; x_wconf 92' lang='lat' dir='ltr'><strong>ut</strong></span> <span class='ocrx_word' id='word_1_126' title='bbox 672 1996 741 2037; x_wconf 92' lang='lat' dir='ltr'><strong>cum</strong></span> <span class='ocrx_word' id='word_1_127' title='bbox 763 1977 801 2038; x_wconf 88' lang='lat' dir='ltr'><strong>ab</strong></span> <span class='ocrx_word' id='word_1_128' title='bbox 816 1974 977 2052; x_wconf 88' lang='lat' dir='ltr'><strong>Episcopis</strong></span> <span class='ocrx_word' id='word_1_129' title='bbox 1000 1965 1164 2034; x_wconf 78' lang='lat' dir='ltr'><strong>centumui-</strong></span> 
     </span>
     <span class='ocr_line' id='line_1_20' title="bbox 232 2057 1178 2184; baseline -0.014 -54"><span class='ocrx_word' id='word_1_130' title='bbox 232 2073 322 2149; x_wconf 80' lang='lat' dir='ltr'><strong>ginta</strong></span> <span class='ocrx_word' id='word_1_131' title='bbox 343 2075 376 2132; x_wconf 89' lang='lat' dir='ltr'><strong>et</strong></span> <span class='ocrx_word' id='word_1_132' title='bbox 398 2090 459 2132; x_wconf 91' lang='lat' dir='ltr'><strong>uuo</strong></span> <span class='ocrx_word' id='word_1_133' title='bbox 480 2071 571 2133; x_wconf 88' lang='lat' dir='ltr'><strong>istius</strong></span> <span class='ocrx_word' id='word_1_134' title='bbox 595 2073 720 2150; x_wconf 85' lang='lat' dir='ltr'><strong>Regni,</strong></span> <span class='ocrx_word' id='word_1_135' title='bbox 745 2075 883 2149; x_wconf 86' lang='lat' dir='ltr'><strong>quatuor</strong></span> <span class='ocrx_word' id='word_1_136' title='bbox 911 2072 1080 2131; x_wconf 85' lang='lat' dir='ltr'><strong>dumtaxat</strong></span> <span class='ocrx_word' id='word_1_137' title='bbox 1067 2057 1178 2184; x_wconf 49' lang='lat' dir='ltr'><strong>tdissiq</strong></span> 
     </span>
     <span class='ocr_line' id='line_1_21' title="bbox 231 2155 1178 2246; baseline -0.008 -24"><span class='ocrx_word' id='word_1_138' title='bbox 231 2165 355 2236; x_wconf 86' lang='lat' dir='ltr'><strong>dorent,</strong></span> <span class='ocrx_word' id='word_1_139' title='bbox 370 2181 500 2240; x_wconf 83' lang='lat' dir='ltr'><strong>cumque</strong></span> <span class='ocrx_word' id='word_1_140' title='bbox 522 2167 586 2225; x_wconf 89' lang='lat' dir='ltr'><strong>tam</strong></span> <span class='ocrx_word' id='word_1_141' title='bbox 608 2164 732 2242; x_wconf 89' lang='lat' dir='ltr'><strong>ingenti</strong></span> <span class='ocrx_word' id='word_1_142' title='bbox 752 2161 976 2238; x_wconf 86' lang='lat' dir='ltr'><strong>Episcoporum</strong></span> <span class='ocrx_word' id='word_1_143' title='bbox 993 2155 1178 2246; x_wconf 46' lang='lat' dir='ltr'><strong>numerous,</strong></span> 
     </span>
     <span class='ocr_line' id='line_1_22' title="bbox 231 2250 1161 2334; baseline -0.011 -18"><span class='ocrx_word' id='word_1_144' title='bbox 231 2257 405 2334; x_wconf 88' lang='lat' dir='ltr'><strong>pitulorum</strong></span> <span class='ocrx_word' id='word_1_145' title='bbox 425 2257 523 2318; x_wconf 88' lang='lat' dir='ltr'><strong>etiam</strong></span> <span class='ocrx_word' id='word_1_146' title='bbox 547 2256 729 2330; x_wconf 87' lang='lat' dir='ltr'><strong>multitudo,</strong></span> <span class='ocrx_word' id='word_1_147' title='bbox 751 2262 788 2317; x_wconf 81' lang='lat' dir='ltr'><strong>&#39;et</strong></span> <span class='ocrx_word' id='word_1_148' title='bbox 808 2258 1035 2328; x_wconf 88' lang='lat' dir='ltr'><strong>Parochorum,</strong></span> <span class='ocrx_word' id='word_1_149' title='bbox 1052 2253 1112 2314; x_wconf 82' lang='lat' dir='ltr'><strong>sive</strong></span> <span class='ocrx_word' id='word_1_150' title='bbox 1124 2250 1161 2308; x_wconf 87' lang='grc' dir='ltr'><strong>Ρι-</strong></span> 
     </span>
     <span class='ocr_line' id='line_1_23' title="bbox 232 2342 1163 2428; baseline -0.013 -19"><span class='ocrx_word' id='word_1_151' title='bbox 232 2353 352 2409; x_wconf 88' lang='lat' dir='ltr'><strong>storum</strong></span> <span class='ocrx_word' id='word_1_152' title='bbox 375 2349 500 2409; x_wconf 90' lang='lat' dir='ltr'><strong>secundi</strong></span> <span class='ocrx_word' id='word_1_153' title='bbox 522 2349 642 2410; x_wconf 90' lang='lat' dir='ltr'><strong>ordinis</strong></span> <span class='ocrx_word' id='word_1_154' title='bbox 664 2367 737 2428; x_wconf 88' lang='lat' dir='ltr'><strong>pars</strong></span> <span class='ocrx_word' id='word_1_155' title='bbox 757 2350 860 2411; x_wconf 89' lang='lat' dir='ltr'><strong>maior</strong></span> <span class='ocrx_word' id='word_1_156' title='bbox 880 2351 1065 2422; x_wconf 87' lang='lat' dir='ltr'><strong>accederet,</strong></span> <span class='ocrx_word' id='word_1_157' title='bbox 1086 2342 1163 2404; x_wconf 84' lang='lat' dir='ltr'><strong>huius·</strong></span> 
     </span>
     <span class='ocr_line' id='line_1_24' title="bbox 231 2436 1164 2521; baseline -0.012 -18"><span class='ocrx_word' id='word_1_158' title='bbox 231 2443 315 2503; x_wconf 89' lang='lat' dir='ltr'><strong>modi</strong></span> <span class='ocrx_word' id='word_1_159' title='bbox 336 2461 408 2504; x_wconf 87' lang='lat' dir='ltr'><strong>sane</strong></span> <span class='ocrx_word' id='word_1_160' title='bbox 430 2444 614 2521; x_wconf 73' lang='lat' dir='ltr'><strong>Empositio,</strong></span> <span class='ocrx_word' id='word_1_161' title='bbox 633 2445 780 2505; x_wconf 90' lang='lat' dir='ltr'><strong>concordi</strong></span> <span class='ocrx_word' id='word_1_162' title='bbox 800 2443 976 2505; x_wconf 88' lang='lat' dir='ltr'><strong>animorum</strong></span> <span class='ocrx_word' id='word_1_163' title='bbox 998 2436 1164 2502; x_wconf 80' lang='lat' dir='ltr'><strong>consensione</strong></span> 
     </span>
     <span class='ocr_line' id='line_1_25' title="bbox 232 2532 1165 2616; baseline -0.01 -16"><span class='ocrx_word' id='word_1_164' title='bbox 232 2541 388 2616; x_wconf 87' lang='lat' dir='ltr'><strong>suscepta,</strong></span> <span class='ocrx_word' id='word_1_165' title='bbox 404 2538 502 2600; x_wconf 89' lang='lat' dir='ltr'><strong>totius</strong></span> <span class='ocrx_word' id='word_1_166' title='bbox 523 2539 705 2599; x_wconf 85' lang='lat' dir='ltr'><strong>Gallicanae</strong></span> <span class='ocrx_word' id='word_1_167' title='bbox 727 2537 884 2600; x_wconf 88' lang='lat' dir='ltr'><strong>Ecclesiae</strong></span> <span class='ocrx_word' id='word_1_168' title='bbox 906 2537 1052 2597; x_wconf 84' lang='lat' dir='ltr'><strong>doctrina</strong></span> <span class='ocrx_word' id='word_1_169' title='bbox 1070 2532 1165 2594; x_wconf 71' lang='lat' dir='ltr'><strong>habere</strong></span> 
     </span>
     <span class='ocr_line' id='line_1_26' title="bbox 231 2636 469 2705; baseline -0.008 -12"><span class='ocrx_word' id='word_1_170' title='bbox 231 2636 298 2705; x_wconf 84' lang='lat' dir='ltr'><strong>tur,</strong></span> <span class='ocrx_word' id='word_1_171' title='bbox 321 2637 354 2693; x_wconf 92' lang='lat' dir='ltr'><strong>et</strong></span> <span class='ocrx_word' id='word_1_172' title='bbox 376 2636 469 2692; x_wconf 89' lang='lat' dir='ltr'><strong>esset.</strong></span> 
     </span>
    </p>

    <p class='ocr_par' dir='ltr' id='par_1_2' title="bbox 231 2707 1178 3551">
     <span class='ocr_line' id='line_1_27' title="bbox 291 2707 1165 2803; baseline -0.008 -17"><span class='ocrx_word' id='word_1_173' title='bbox 291 2725 442 2803; x_wconf 89' lang='lat' dir='ltr'><strong>Equidem</strong></span> <span class='ocrx_word' id='word_1_174' title='bbox 454 2726 517 2786; x_wconf 92' lang='lat' dir='ltr'><strong>Nos</strong></span> <span class='ocrx_word' id='word_1_175' title='bbox 533 2725 604 2803; x_wconf 88' lang='lat' dir='ltr'><strong>ipsi,</strong></span> <span class='ocrx_word' id='word_1_176' title='bbox 619 2725 706 2786; x_wconf 90' lang='lat' dir='ltr'><strong>nulla</strong></span> <span class='ocrx_word' id='word_1_177' title='bbox 720 2725 890 2787; x_wconf 85' lang='lat' dir='ltr'><strong>interiecta</strong></span> <span class='ocrx_word' id='word_1_178' title='bbox 903 2742 1004 2798; x_wconf 91' lang='lat' dir='ltr'><strong>mora,</strong></span> <span class='ocrx_word' id='word_1_179' title='bbox 1022 2729 1094 2785; x_wconf 91' lang='lat' dir='ltr'><strong>tunc</strong></span> <span class='ocrx_word' id='word_1_180' title='bbox 1105 2707 1165 2794; x_wconf 71' lang='lat' dir='ltr'><strong>operi</strong></span> 
     </span>
     <span class='ocr_line' id='line_1_28' title="bbox 232 2813 1166 2896; baseline -0.01 -17"><span class='ocrx_word' id='word_1_181' title='bbox 232 2836 343 2879; x_wconf 89' lang='lat' dir='ltr'><strong>manus</strong></span> <span class='ocrx_word' id='word_1_182' title='bbox 364 2820 570 2894; x_wconf 85' lang='lat' dir='ltr'><strong>admovimus,</strong></span> <span class='ocrx_word' id='word_1_183' title='bbox 586 2837 754 2896; x_wconf 88' lang='lat' dir='ltr'><strong>omnesque</strong></span> <span class='ocrx_word' id='word_1_184' title='bbox 776 2819 879 2880; x_wconf 88' lang='lat' dir='ltr'><strong>dietae</strong></span> <span class='ocrx_word' id='word_1_185' title='bbox 892 2813 1125 2880; x_wconf 74' lang='lat' dir='ltr'><strong>constitutionis</strong></span> <span class='ocrx_word' id='word_1_186' title='bbox 1135 2821 1166 2866; x_wconf 79' lang='lat' dir='ltr'><strong>ur·</strong></span> 
     </span>
     <span class='ocr_line' id='line_1_29' title="bbox 233 2897 1166 2974; baseline -0.016 -1"><span class='ocrx_word' id='word_1_187' title='bbox 233 2913 350 2973; x_wconf 91' lang='lat' dir='ltr'><strong>ticulos</strong></span> <span class='ocrx_word' id='word_1_188' title='bbox 370 2911 508 2974; x_wconf 88' lang='lat' dir='ltr'><strong>examini</strong></span> <span class='ocrx_word' id='word_1_189' title='bbox 529 2911 740 2972; x_wconf 91' lang='lat' dir='ltr'><strong>subiecimus:</strong></span> <span class='ocrx_word' id='word_1_190' title='bbox 771 2914 822 2972; x_wconf 86' lang='lat' dir='ltr'><strong>sed</strong></span> <span class='ocrx_word' id='word_1_191' title='bbox 851 2911 1034 2973; x_wconf 81' lang='lat' dir='ltr'><strong>Gallicanae</strong></span> <span class='ocrx_word' id='word_1_192' title='bbox 1053 2897 1166 2972; x_wconf 79' lang='lat' dir='ltr'><strong>Nationis</strong></span> 
     </span>
     <span class='ocr_line' id='line_1_30' title="bbox 232 3004 1166 3083; baseline -0.011 -16"><span class='ocrx_word' id='word_1_193' title='bbox 232 3009 435 3080; x_wconf 82' lang='lat' dir='ltr'><strong>Conventus,</strong></span> <span class='ocrx_word' id='word_1_194' title='bbox 460 3005 603 3083; x_wconf 82' lang='lat' dir='ltr'><strong>quamvis</strong></span> <span class='ocrx_word' id='word_1_195' title='bbox 625 3005 793 3065; x_wconf 89' lang='lat' dir='ltr'><strong>concordes</strong></span> <span class='ocrx_word' id='word_1_196' title='bbox 812 3005 902 3066; x_wconf 89' lang='lat' dir='ltr'><strong>illius</strong></span> <span class='ocrx_word' id='word_1_197' title='bbox 922 3004 1082 3066; x_wconf 88' lang='lat' dir='ltr'><strong>Ecclesiae</strong></span> <span class='ocrx_word' id='word_1_198' title='bbox 1104 3009 1166 3057; x_wconf 76' lang='lat' dir='ltr'><strong>vocet</strong></span> 
     </span>
     <span class='ocr_line' id='line_1_31' title="bbox 232 3089 1165 3173; baseline -0.013 -11"><span class='ocrx_word' id='word_1_199' title='bbox 232 3100 383 3173; x_wconf 91' lang='lat' dir='ltr'><strong>audiret,</strong></span> <span class='ocrx_word' id='word_1_200' title='bbox 405 3098 613 3160; x_wconf 85' lang='lat' dir='ltr'><strong>nihilominus</strong></span> <span class='ocrx_word' id='word_1_201' title='bbox 643 3100 767 3160; x_wconf 88' lang='lat' dir='ltr'><strong>tantum</strong></span> <span class='ocrx_word' id='word_1_202' title='bbox 795 3098 922 3170; x_wconf 82' lang='lat' dir='ltr'><strong>abfuit,</strong></span> <span class='ocrx_word' id='word_1_203' title='bbox 949 3101 987 3157; x_wconf 90' lang='grc' dir='ltr'><strong>ιιι</strong></span> <span class='ocrx_word' id='word_1_204' title='bbox 1010 3098 1049 3158; x_wconf 92' lang='lat' dir='ltr'><strong>ab</strong></span> <span class='ocrx_word' id='word_1_205' title='bbox 1072 3089 1165 3165; x_wconf 78' lang='lat' dir='ltr'><strong>incepto</strong></span> 
     </span>
     <span class='ocr_line' id='line_1_32' title="bbox 233 3191 1165 3271; baseline -0.011 -18"><span class='ocrx_word' id='word_1_206' title='bbox 233 3192 412 3264; x_wconf 88' lang='lat' dir='ltr'><strong>desisteret,</strong></span> <span class='ocrx_word' id='word_1_207' title='bbox 430 3195 466 3252; x_wconf 92' lang='lat' dir='ltr'><strong>ut</strong></span> <span class='ocrx_word' id='word_1_208' title='bbox 484 3192 553 3270; x_wconf 89' lang='lat' dir='ltr'><strong>ipsa</strong></span> <span class='ocrx_word' id='word_1_209' title='bbox 573 3193 674 3271; x_wconf 90' lang='lat' dir='ltr'><strong>magis</strong></span> <span class='ocrx_word' id='word_1_210' title='bbox 688 3192 875 3253; x_wconf 87' lang='lat' dir='ltr'><strong>irritaretur</strong></span> <span class='ocrx_word' id='word_1_211' title='bbox 886 3191 1098 3268; x_wconf 89' lang='lat' dir='ltr'><strong>episcoporum</strong></span> <span class='ocrx_word' id='word_1_212' title='bbox 1116 3198 1165 3243; x_wconf 84' lang='lat' dir='ltr'><strong>con·</strong></span> 
     </span>
     <span class='ocr_line' id='line_1_33' title="bbox 233 3275 1166 3364; baseline -0.006 -18"><span class='ocrx_word' id='word_1_213' title='bbox 233 3285 362 3346; x_wconf 90' lang='lat' dir='ltr'><strong>stantia.</strong></span> <span class='ocrx_word' id='word_1_214' title='bbox 381 3285 497 3346; x_wconf 89' lang='lat' dir='ltr'><strong>Videns</strong></span> <span class='ocrx_word' id='word_1_215' title='bbox 517 3287 641 3363; x_wconf 90' lang='lat' dir='ltr'><strong>itaque,</strong></span> <span class='ocrx_word' id='word_1_216' title='bbox 664 3285 817 3364; x_wconf 91' lang='lat' dir='ltr'><strong>planeque</strong></span> <span class='ocrx_word' id='word_1_217' title='bbox 839 3301 1049 3362; x_wconf 90' lang='lat' dir='ltr'><strong>cognoscens,</strong></span> <span class='ocrx_word' id='word_1_218' title='bbox 1071 3298 1106 3342; x_wconf 88' lang='lat' dir='ltr'><strong>ex</strong></span> <span class='ocrx_word' id='word_1_219' title='bbox 1122 3275 1166 3336; x_wconf 67' lang='lat' dir='ltr'><strong>Mt</strong></span> 
     </span>
     <span class='ocr_line' id='line_1_34' title="bbox 232 3372 1165 3457; baseline -0.012 -18"><span class='ocrx_word' id='word_1_220' title='bbox 232 3379 460 3456; x_wconf 83' lang='lat' dir='ltr'><strong>tropolitanis,</strong></span> <span class='ocrx_word' id='word_1_221' title='bbox 482 3383 516 3440; x_wconf 89' lang='lat' dir='ltr'><strong>et</strong></span> <span class='ocrx_word' id='word_1_222' title='bbox 540 3397 579 3440; x_wconf 86' lang='lat' dir='ltr'><strong>ax</strong></span> <span class='ocrx_word' id='word_1_223' title='bbox 599 3379 763 3457; x_wconf 88' lang='lat' dir='ltr'><strong>Episcopis</strong></span> <span class='ocrx_word' id='word_1_224' title='bbox 783 3378 1014 3455; x_wconf 89' lang='lat' dir='ltr'><strong>antiquioribus</strong></span> <span class='ocrx_word' id='word_1_225' title='bbox 1035 3372 1165 3436; x_wconf 80' lang='lat' dir='ltr'><strong>inventur</strong></span> 
     </span>
     <span class='ocr_line' id='line_1_35' title="bbox 231 3471 1178 3551; baseline -0.012 -20"><span class='ocrx_word' id='word_1_226' title='bbox 231 3471 274 3532; x_wconf 86' lang='lat' dir='ltr'><strong>iri</strong></span> <span class='ocrx_word' id='word_1_227' title='bbox 296 3473 463 3546; x_wconf 90' lang='lat' dir='ltr'><strong>neminem,</strong></span> <span class='ocrx_word' id='word_1_228' title='bbox 485 3473 539 3551; x_wconf 92' lang='lat' dir='ltr'><strong>qui</strong></span> <span class='ocrx_word' id='word_1_229' title='bbox 560 3472 749 3534; x_wconf 82' lang='lat' dir='ltr'><strong>confirmare</strong></span> <span class='ocrx_word' id='word_1_230' title='bbox 771 3489 803 3531; x_wconf 91' lang='lat' dir='ltr'><strong>se</strong></span> <span class='ocrx_word' id='word_1_231' title='bbox 822 3489 911 3549; x_wconf 84' lang='lat' dir='ltr'><strong>posse</strong></span> <span class='ocrx_word' id='word_1_232' title='bbox 933 3472 1077 3532; x_wconf 85' lang='lat' dir='ltr'><strong>crederet</strong></span> <span class='ocrx_word' id='word_1_233' title='bbox 1096 3471 1178 3542; x_wconf 78' lang='lat' dir='ltr'><strong>nonu</strong></span> 
     </span>
    </p>
   </div>
   <div class='ocr_carea' id='block_1_2' title="bbox 0 0 1199 4194">
    <p class='ocr_par' dir='ltr' id='par_1_3' title="bbox 0 0 1199 4194">
     <span class='ocr_line' id='line_1_36' title="bbox 0 0 1199 4194; baseline 0 0"><span class='ocrx_word' id='word_1_234' title='bbox 0 0 1199 4194; x_wconf 95' lang='lat' dir='ltr'><strong> </strong></span> 
     </span>
    </p>
   </div>
  </div>
 </body>
</html>
