2374 4196
608 195 786 254 ..3ssss-

593 373 793 434 Iaxxvss.

460 500 656 546 nncnnnnrio
677 501 717 542 ur
739 497 936 543 raonocario

397 649 679 711 FAOULTATUM
699 645 1002 708 CONCESSARUM

494 819 519 871 Δ
537 818 586 872 SS.
607 818 746 873 nomino
764 817 906 872 NOSTRO

479 981 513 1058 P
525 981 543 1057 I
555 978 588 1057 Ο
632 982 666 1057 P
680 981 716 1056 A
728 978 811 1055 ΡΑ
835 961 924 1054 ὛΙ.

378 1169 711 1232 laoninrrscoris
736 1107 788 1229 nr
817 1168 1027 1230 EPISOOPIS

219 1329 267 1391 Ac
292 1327 491 1390 Dioecesium
512 1327 847 1389 Administratoribus
861 1327 971 1404 Rapui
985 1323 1164 1386 Galliarum.

278 1511 444 1588 perpensis
465 1510 714 1571 circumstantiis
729 1511 820 1588 regni
834 1510 1026 1584 Galliarum,
1043 1527 1118 1586 quae
1130 1509 1166 1566 ds·

220 1604 353 1664 teriores
373 1604 475 1678 fiunt,
498 1622 711 1682 perpensaque
732 1604 808 1682 fuga
829 1605 862 1662 et
883 1603 1029 1665 absentia
1051 1607 1166 1663 tamar·

220 1697 500 1776 chiepiscopornm‚
522 1700 748 1776 episcoporum,
765 1697 968 1768 vicariorum,
992 1697 1164 1770 aliorumque

220 1793 404 1853 dioecesium
433 1794 750 1866 administratorum,
780 1809 872 1870 quam
901 1791 1164 1852 ecclesiasticorum

221 1885 417 1964 singularum
439 1885 650 1960 dioecesium,
673 1903 743 1945 oum
765 1885 873 1946 videat
892 1886 1049 1962 planeque
1074 1899 1163 1960 cogno-

221 1984 289 2040 scat
309 1978 524 2040 sanctissimus
544 1979 694 2040 Dominus
715 1980 831 2040 Noster
857 1971 988 2038 irritum
1010 1982 1044 2040 et
1062 1978 1160 2037 inanen

220 2091 387 2134 evasurum
414 2090 501 2132 usum
529 2072 718 2133 facultatum
746 2071 927 2132 absolvendi
956 2070 1158 2132 ecclesiasticos

221 2166 341 2227 iuratos
363 2170 395 2227 et
415 2167 569 2238 intrusos,
596 2182 812 2226 concessarum
833 2165 895 2224 iam
918 2166 1012 2226 dictis
1034 2160 1158 2237 archiepi-

221 2259 344 2336 scopis,
368 2261 519 2338 episcopis
541 2263 575 2318 et
594 2261 804 2320 Ecclesiarum
830 2259 1059 2337 gallicanarum
1086 2255 1148 2319 alni·

223 2353 447 2414 nistratoribus
468 2353 586 2429 duplici
608 2354 732 2414 indulto
761 2353 824 2412 diei
848 2349 900 2412 lu‘
912 2343 1047 2426 Martii,
1069 2343 1144 2412 etlioi

226 2447 263 2506 13
288 2447 368 2507 Iunii
390 2447 550 2506 buiusmet
571 2447 645 2505 anni
667 2448 766 2518 1792,
791 2445 852 2504 nisi
880 2445 987 2530 aliqua
1014 2437 1148 2505 moderatio

222 2541 410 2601 adhibeatur
431 2540 496 2618 legi
517 2539 617 2616 priori
638 2538 761 2611 indulto
783 2538 943 2616 appositae
965 2539 1003 2598 de
1025 2529 1154 2597 nonnihi-

223 2635 332 2695 bendis
354 2633 530 2694 huiusmodi
551 2632 756 2693 facultatibus
777 2642 875 2694 costra
893 2636 978 2712 fines
998 2649 1071 2692 suaa
1091 2630 1155 2688 dicr-

223 2731 321 2801 cesis,
345 2744 449 2805 neque
470 2729 508 2786 in
530 2728 606 2788 iocis
628 2725 779 2786 Dominio
806 2729 893 2804 repis
917 2717 1154 2786 christianissimi

223 2841 291 2883 non
312 2825 462 2884 subiectis
468 2844 482 2894 ;
502 2820 533 2879 in
556 2821 622 2881 vim
643 2820 819 2898 praesentis
839 2821 957 2880 indulti
980 2820 1087 2880 tribuit
1102 2831 1156 2873 oon·

225 2917 367 2994 ceditque
389 2915 558 2994 praedictis
580 2914 833 2992 archiepiscopis,
856 2899 1026 2993 episcopis,
1048 2915 1077 2972 et
1093 2909 1155 2969 dioe-

224 3010 341 3070 cesium
363 3007 672 3070 administratoribus
695 3007 917 3068 auctoritatem
937 3003 1104 3068 absolvendi
1114 3001 1155 3060 aut

224 3122 281 3182 per
303 3122 334 3164 se
357 3104 462 3180 ipsos,
485 3105 541 3161 aut
561 3118 618 3178 per
638 3101 718 3160 alios
739 3102 778 3160 ab
800 3102 876 3179 ipsis
898 3103 1092 3180 delegandos,
1109 3095 1156 3153 sin-

226 3198 316 3276 gulos
338 3195 564 3256 ecclesiasticos
587 3195 784 3254 dioecesanos
798 3195 932 3270 iuratos,
949 3194 1082 3272 quamvis
1094 3203 1154 3248 con·

225 3292 384 3349 morantes
406 3288 438 3348 in
460 3287 571 3349 alienis
591 3287 812 3362 dioecesibus,
835 3287 931 3349 etiam
961 3287 1067 3349 ditioni
1087 3279 1152 3342 clri-

226 3382 409 3442 stianissimi
430 3381 514 3458 regis
527 3400 595 3441 non
619 3381 776 3442 subiectis
800 3383 880 3443 Vult
901 3385 1006 3442 autem
1026 3374 1150 3440 Sanctitas

225 3477 300 3550 Sua,
324 3476 412 3536 utin
434 3475 683 3536 absolutionibus
703 3475 906 3536 concedendis
927 3475 1083 3535 serventur
1099 3481 1149 3525 con·
