2372 4198
1177 137 1178 178 ι

610 219 648 232 -
668 185 730 246 312
749 215 787 229 -
1177 195 1178 214 ’

219 294 267 356 ita
286 292 407 370 pridem
428 291 631 375 ablationali
651 293 814 356 conventu
836 291 997 354 conditum
1018 296 1165 354 decretum

218 387 333 459 luisse,
348 406 408 464 quo
430 386 672 463 praescribitur,
689 385 891 448 matrimonia
911 385 945 446 in
965 391 1123 464 pasterum
1143 388 1165 446 in

219 499 317 559 regno
339 481 517 542 Galliarum
538 481 692 542 celebrari
714 481 828 541 debera
856 499 961 542 coram
982 481 1166 558 Municipnli·

113 621 116 632 .
220 578 301 647 tate,
322 573 390 634 sive
411 591 517 636 coram
537 573 663 634 officiali
683 593 703 636 a
723 573 977 650 Municipalitate
999 574 1137 646 delcetn3
1154 591 1167 634 ι

102 717 104 722 ,
220 667 474 744 Municipalitata
494 683 572 729 vero
593 685 647 728 seu
668 687 687 728 a
708 671 956 746 praememorato
984 667 1110 728 officiali
1131 686 1167 726 ra·

220 762 283 839 cipi
304 779 408 823 eoram
436 765 570 838 quatuor
598 762 731 824 testibus
759 763 870 822 debere
891 763 1167 824 declarationem

220 855 338 916 futuris
358 855 540 932 coniugibus
560 857 766 919 emittendam
788 856 844 916 sub
865 857 922 916 hac
943 855 1051 916 forma
1075 857 1167 916 verbo·

222 965 309 1008 rum:
331 948 488 1010 «declaro
510 967 560 1008 me
581 966 704 1008 sumere
724 950 762 1010 N.
776 951 817 1010 N.
840 949 872 1008 in
896 950 1167 1020 matrimonium»

221 1059 282 1118 qua
302 1042 515 1104 declaratione
538 1041 675 1124 vicissim
697 1059 717 1102 a
736 1042 855 1102 dnobus
875 1041 1065 1119 coniugibus
1085 1043 1167 1112 facta,

222 1135 261 1194 ab
282 1133 404 1193 officiali
428 1134 551 1210 publico
568 1134 836 1210 pronunciandum
850 1153 927 1208 esse,
944 1136 1047 1196 cosin
1064 1134 1167 1194 nomina

222 1226 303 1306 legis
323 1227 505 1288 coniunctos
527 1227 613 1301 iore;
629 1227 772 1305 praefato
787 1231 894 1289 autem
908 1230 1095 1291 Nationalis
1107 1231 1167 1289 Gon·

222 1328 336 1384 ventus
349 1325 484 1383 'decreto
506 1323 586 1383 nihil
607 1327 733 1384 cautum
755 1341 822 1384 esse
842 1323 888 1384 ais
909 1324 994 1386 circa
1018 1325 1163 1385 formant

223 1416 410 1477 Tridentino
426 1416 569 1480 ⁴(loncilic
594 1415 844 1494 praescriptam
869 1434 946 1492 qnae
968 1413 1163 1493 proiecto'‚d

224 1508 305 1568 nihil
325 1509 411 1569 aliud
433 1510 591 1584 obstaret,
615 1510 647 1568 in
670 1509 734 1568 vim
757 1511 971 1570 tantummodo
994 1525 1178 1594 praemone

223 1602 288 1672 rati
309 1602 427 1664 decreti
449 1603 610 1664 observari
632 1605 668 1664 ad
691 1604 837 1664 amussim
859 1608 974 1681 posset.
989 1603 1178 1663 At-formanl

224 1697 466 1772 apraelaudato
493 1696 678 1758 Tridentino
707 1697 845 1758 Concilio
876 1697 1103 1774 praescriptam
1126 1709 1178 1782 prop

225 1788 380 1867 coniugiis
401 1790 545 1850 ineundis
565 1791 596 1850 in
619 1807 656 1851 ea
677 1795 779 1866 parte,
801 1809 880 1866 qnae
901 1789 1036 1866 respicit
1061 1785 1178 1868 parcelli

225 1884 448 1961 praesentiam,
470 1885 632 1946 observari
648 1886 738 1946 modo
750 1903 808 1946 non
830 1903 919 1962 posse
934 1903 952 1943 a
966 1884 1083 1944 maiori
1097 1869 1178 1964 portel

225 1975 364 2036 ildelinm
392 1976 541 2036 dioecesis
567 1976 770 2038 Lacionansis
796 1976 1036 2049 molestatam,
1060 1967 1178 2054 proptarl

225 2068 440 2146 legitimorum
462 2070 668 2145 parochorum
685 2069 906 2142 definientiam
922 2087 984 2146 qua
998 2085 1042 2128 ex
1058 2087 1090 2129 re
1103 2064 1160 2126 mrlr
1177 2077 1178 2134 ι

225 2167 260 2221 et
280 2162 474 2222 incommoda
505 2163 692 2240 gravissima
723 2165 886 2225 oboritura
906 2164 1086 2240 praevides.
1106 2161 1157 2221 Hira
1177 2190 1178 2226 ι

226 2257 263 2314 nt
283 2257 525 2332 praememorati
539 2257 647 2318 fideles
661 2257 693 2316 in
708 2256 958 2320 circumstantiis
974 2258 1053 2318 adeo
1068 2258 1150 2316 luctu
1177 2281 1178 2322 ι

226 2349 269 2410 sis
297 2351 482 2423 constituti,
510 2352 602 2412 liberi
624 2351 825 2412 declarentur
851 2351 889 2411 ab
910 2345 1149 2410 observantials

225 2444 307 2504 creti
320 2445 499 2504 Tridentini
515 2444 646 2507 concilii
661 2462 717 2521 pro
732 2443 947 2521 coniugiorum
962 2443 1152 2504 celebrabunt

226 2539 363 2618 primum
384 2539 613 2600 animadvertis
635 2558 694 2600 non
716 2557 805 2616 possa
827 2539 915 2598 caric
936 2539 1061 2610 statui,
1083 2532 1156 2594 notin-

227 2634 340 2696 simum
372 2634 506 2698 Concilii
535 2634 727 2695 Tridentinii
755 2636 939 2709 decretum,
965 2633 1047 2709 quod
1068 2631 1158 2706 legitur

228 2728 311 2788 Sese.
327 2728 368 2788 24
382 2715 419 2786 de
434 2728 493 2788 rei.
515 2728 612 2787 Matr.
635 2745 662 2786 c.
687 2728 716 2799 1,
740 2726 933 2803 publicatum
955 2743 1065 2802 reapse
1089 2721 1159 2782 inisse

226 2821 259 2880 in
282 2819 416 2898 singulis
437 2821 612 2884 Galliarum
627 2821 787 2892 Ecclesiis,
802 2838 896 2896 quam
909 2819 1036 2896 quidem
1050 2814 1160 2895 publiu-
1177 2895 1178 2900 ἵ

228 2913 324 2974 tionis
343 2914 474 2975 formam
493 2931 642 2990 expresse
663 2913 799 2989 requirit
820 2911 1055 2985 Tridentinum,
1069 2913 1100 2970 nt
1111 2909 1178 2996 pesp

226 3009 268 3072 30
288 3009 354 3070 dies
374 3029 394 3070 a
414 3009 627 3087 publicatione
645 3007 728 3068 iacta
748 3007 882 3086 incipiat
901 3007 1055 3086 obligare.
1069 3004 1120 3064 Sed
1136 2999 1178 3076 ἀοι

228 3104 285 3164 hoc
307 3121 345 3162 ne
367 3105 403 3162 tu
423 3102 546 3179 quidem
569 3102 662 3162 nimis
682 3101 805 3170 instas,
827 3099 974 3177 quoniam
1003 3117 1061 3159 non
1080 3087 1178 3174 magnit

228 3195 381 3258 momenti
401 3213 468 3256 esse
490 3183 584 3273 probe
606 3193 769 3272 agnoscis:
793 3194 874 3254 illud
896 3193 1001 3271 potius
1023 3187 1178 3267 urgeant

229 3289 383 3350 conficere
404 3288 536 3360 conaris,
558 3288 640 3365 quod
662 3286 763 3364 posito
785 3287 896 3358 etiam,
918 3281 1094 3346 Tridentini
1103 3281 1159 3341 θοι·
1177 3315 1178 3344 1

142 3373 147 3380 ’
229 3382 298 3444 cilii
319 3383 479 3444 decretum
507 3380 610 3462 inissan
624 3380 658 3440 in
679 3378 814 3457 singulis
838 3377 1016 3440 Galliarum
1036 3367 1157 3455 porcarii·
1177 3401 1178 3420 ι

228 3475 435 3556 publicatum,
457 3493 518 3535 non
540 3473 659 3536 idcirco
679 3473 768 3535 nulla
789 3490 826 3534 ac
846 3471 942 3533 irrite
955 3469 1072 3534 censui
1090 3463 1157 3526 debr
