2374 4196
25 285 92 347 1791
116 287 151 346 11
174 285 448 363 Aprilis-Tribus
467 287 633 346 Paroolris
655 287 827 346 dioecesis
841 288 898 346 Bt·

113 381 263 440 11111111.
287 381 481 440 cardinalis
500 381 544 437 de
568 382 707 440 zelada.
730 381 776 438 lix
789 379 899 438 Ponti·

89 484 92 491 ’
111 473 196 532 llciis
207 473 342 534 Litteris
357 473 418 532 iam
435 472 529 532 editis
542 477 642 548 patet,
658 472 751 550 quale
763 474 807 532 sit
818 475 900 550 Apu·

32 615 35 650 2
112 566 248 626 stolicse
276 567 364 626 Sedis
391 565 538 624 iudicium
569 583 662 642 super
688 565 784 626 civili
812 565 897 628 Cleri

109 660 349 721 Constitutione
391 701 774 720 ........
814 677 892 736 pap.
917 657 977 720 138

52 768 69 810 »
111 753 151 812 13
181 754 304 830 Aprilis
325 783 345 800 -
364 753 457 814 Mala
484 754 818 831 perturbationesque.
848 755 896 814 Ad

109 848 270 918 nmmos
291 849 482 908 Galliarum
500 847 705 918 Episcopus.
717 847 816 908 Plura
827 846 899 907 mit·

52 999 54 1004 .
110 941 156 1000 111
191 940 385 1017 exemplaris
412 940 665 1017 Apostolicorum
700 941 897 1000 Litterarum

113 1031 272 1092 Charitas
292 1050 370 1108 quae
392 1032 449 1092 hac
470 1033 538 1109 ipsa
558 1033 608 1092 die
628 1033 732 1092 editae
750 1036 834 1092 sunt.
878 1049 896 1091 »
919 1033 977 1094 139

51 1140 68 1182 »
110 1119 150 1186 13
181 1125 497 1203 Aprilis-Charitas
521 1145 615 1204 quae.
641 1128 896 1199 cardinalibus,

108 1222 411 1292 Archlepisoopis,
420 1223 617 1293 Epieeoopi,
626 1222 810 1292 ospicium,
824 1223 896 1280 oie·

108 1330 149 1374 ro
174 1317 356 1391 etpopnlo
378 1317 476 1384 regni
497 1317 689 1376 Galliarum
826 1357 833 1372 .
878 1312 975 1374 »141

111 1408 151 1468 13
175 1407 296 1486 Aprilis
309 1441 324 1454 ·
336 1404 416 1466 (lem
435 1410 558 1483 papuli.
582 1411 704 1470 Ioanni
723 1410 897 1480 Episcopo

110 1505 269 1562 Alorion.
292 1502 397 1563 Mittit
419 1501 571 1562 nonnulle
592 1502 736 1579 exempla
767 1505 899 1578 Aposto-

110 1595 250 1657 licorum
266 1595 463 1656 Litterarum
483 1591 647 1667 Claritas,
668 1613 745 1672 quae
759 1597 817 1655 hac
830 1597 896 1672 ipse

111 1689 165 1752 die
188 1689 291 1749 editae
313 1692 388 1747 sunt
398 1731 834 1748 .........
877 1704 896 1747 »
919 1689 977 1752 162

113 1783 153 1843 13
169 1781 291 1860 Aprilis
301 1811 318 1826 ·
330 1780 409 1840 Cum
428 1783 608 1857 postremis.
621 1783 794 1842 Ludorico
812 1785 896 1842 XVI

109 1878 323 1938 hunnorum
344 1877 440 1946 Rom.
465 1876 569 1934 Mittit
583 1875 758 1951 exemplum
775 1874 898 1950 praedi·

112 1975 239 2030 uterum
261 1968 511 2046 Apostolicorum
534 1967 731 2028 Litterarum
771 2009 779 2026 .
825 2011 834 2025 .
877 1967 977 2028 »163

112 2065 151 2125 13
181 2063 327 2140 Aprilis·
344 2062 487 2122 Utinam.
512 2064 634 2121 Eidem
661 2063 758 2132 Regi.
783 2060 895 2133 Dolet,

111 2159 194 2234 quod
217 2156 413 2218 cardinalem
428 2157 465 2214 de
479 2155 590 2214 Bernis
610 2155 726 2215 Gallici
754 2154 898 2215 Oratoris

112 2251 214 2311 officio
241 2253 320 2328 apud
349 2249 560 2327 Apostolicam
582 2250 693 2309 Sedem
717 2249 897 2327 fungentem

111 2344 196 2406 idem
206 2347 275 2406 Rex
289 2341 423 2420 tempori
437 2344 548 2402 cedens
562 2342 729 2402 dimiserit.
744 2345 848 2420 Roget
864 2345 899 2402 ut

113 2437 169 2516 qui
192 2436 263 2497 huic
278 2435 474 2494 sufficiendus
489 2437 550 2509 est,
567 2453 641 2495 vere
655 2437 828 2497 catholicus
843 2435 897 2509 sit,

112 2549 214 2608 neque
244 2530 310 2590 siue
338 2530 443 2590 debite
472 2530 655 2608 expepticne
683 2530 896 2589 iuramentum

111 2623 250 2684 ediderit
289 2666 311 2695 .,
342 2665 834 2683 ..........
877 2621 977 2681 »164

115 2719 155 2779 lu
177 2716 421 2793 Aprilis-Quae
448 2733 575 2776 causae.
600 2719 699 2776 card.
724 2717 897 2776 Ludorioc

113 2814 159 2870 de
172 2814 292 2870 Bohan
303 2811 476 2880 Episcopo
489 2811 750 2878 Argentoraten.
770 2807 898 2866 Laudat

114 2905 184 2964 eius
206 2903 370 2974 virtutem,
392 2897 485 2978 etque
508 2901 731 2962 Instructicnes
752 2904 894 2976 pastora-

116 2998 166 3059 les
185 2999 219 3056 et
241 2999 346 3055 cetero
366 3012 444 3070 quae
476 2994 556 3054 idem
589 2994 758 3070 Episcopus
784 2991 894 3064 edidit,

116 3095 154 3150 ut
175 3088 371 3148 commissum
391 3086 450 3146 sibi
472 3103 598 3163 gregem
621 3085 790 3144 deduceret
810 3101 829 3143 a
847 3101 898 3160 pe·

116 3182 237 3244 11111111
258 3197 478 3257 perversarum
501 3180 604 3257 legum
620 3197 674 3240 seu
688 3177 833 3238 fraudum
846 3195 899 3236 no·

116 3277 271 3338 vitatibus
294 3315 836 3336 ...........
880 3287 898 3328 »
920 3271 977 3332 166

56 3385 73 3426 »
116 3371 155 3432 16
182 3369 302 3447 Aprilis
320 3399 340 3413 ·
360 3367 499 3427 Minime
534 3369 734 3444 ipnoramus.
768 3365 898 3424 Incolis

117 3462 301 3526 catholicis
315 3463 468 3524 civitatis
482 3465 742 3532 Argentoraten.
757 3459 833 3520 Cum
848 3460 899 3517 de-
