2492 4202
439 228 620 289 ..207-

28 333 205 396 tissimum
225 351 334 396 rarum
355 334 536 395 discrimine
550 334 667 411 optime
680 333 807 408 meriti,
823 333 1012 397 Seminariu-

27 445 106 488 rnm
123 430 282 502 rectores,
298 428 415 505 aliique
429 428 569 488 cuiusvis
584 427 708 505 generis
719 416 949 504 Ecclesiastici,
962 448 1011 490 sa·

26 539 105 582 crae
118 520 287 598 Virgines,
300 524 335 580 et
346 520 436 581 Laici
449 520 558 594 etiam,
570 520 622 598 qui
634 521 760 582 Nostris
777 521 1011 584 hortationibus

27 614 256 687 inhaerentes,
273 617 454 675 constantes
476 613 507 674 in
522 613 601 674 Fide
616 614 816 692 perstitistis,
832 618 866 676 et
879 633 1010 678 munera

28 712 150 769 vestra
171 707 222 769 ita
242 707 377 782 obiistis,
394 710 432 768 ut'
450 705 545 766 multi
566 725 605 767 ex
624 707 725 783 vobis,
742 709 885 786 exemplo
898 711 1010 771 Pasto-

27 818 101 861 rum
123 803 323 875 vestrorum,
339 799 556 875 contumelias,
569 800 729 875 exsilium,
743 819 897 878 carceres,
912 802 1009 864 alias-

27 913 89 970 que
112 893 308 956 vexationes
328 910 443 972 magna
463 895 587 955 virtute
608 895 812 973 pertulerint.
828 897 897 958 Non
916 896 1008 974 pauci

28 989 129 1048 etiam
154 1005 201 1047 ex
220 987 305 1048 clero
326 988 429 1049 vestri
451 988 579 1048 secundi
607 988 726 1049 ordinis
753 991 791 1050 ad
812 990 1007 1051 conventum

29 1081 182 1142 nationis
212 1080 388 1158 gallicanae
417 1081 581 1158 deputati,
610 1081 732 1159 egregii
761 1097 834 1141 sane
862 1082 944 1157 viri,
975 1085 1009 1143 et

29 1178 98 1235 tum
110 1176 262 1251 ipsorum
274 1173 420 1236 doctrine
431 1176 499 1233 tum
511 1174 610 1234 bonae
621 1191 732 1235 causae
746 1174 924 1236 defensione
939 1193 1010 1252 per·

29 1270 200 1342 celebres,
216 1287 289 1329 suos
310 1287 387 1347 erga
407 1271 473 1331 Nos
493 1271 707 1344 constantiae,
723 1271 882 1349 obsequii,
898 1275 932 1332 et
953 1274 1009 1333 ob-

29 1361 223 1422 servantiae
245 1369 353 1422 sensus
376 1379 451 1438 prae
472 1381 504 1422 se
525 1362 610 1422 serre
631 1363 762 1441 gloriati
784 1367 870 1439 sunt,
886 1364 1008 1426 litteris

30 1457 66 1514 ad
88 1456 164 1516 Nos
187 1453 272 1515 datis
292 1472 348 1514 sex
370 1455 482 1514 abhinc
496 1456 669 1516 mensibus:
685 1457 827 1534 idemque
841 1459 1009 1535 praestita·

31 1554 111 1609 runt·
135 1548 197 1608 alii
218 1566 259 1609 ex
280 1548 413 1609 secundo
435 1549 544 1610 ordine
564 1550 769 1613 ecclesiastici
784 1552 816 1610 in
834 1571 928 1612 unum
943 1553 1008 1613 col·

33 1642 110 1704 lecti
135 1660 203 1703 una
223 1661 293 1702 cum
314 1661 388 1702 ven.
409 1642 512 1704 fratre
531 1645 708 1705 Francisco
721 1645 879 1722 Episcopo
893 1645 1008 1706 Glare-

32 1735 220 1808 montensi,
248 1734 313 1794 suis
341 1736 379 1795 ad
406 1736 471 1796 Noa
498 1736 581 1796 datia
608 1735 728 1796 litteris
756 1737 806 1796 die
827 1739 867 1799 22
892 1738 1006 1798 mensis

32 1828 199 1902 Ianuarii,
224 1846 362 1890 necnon
384 1829 440 1890 alii
461 1829 546 1889 hisce
568 1830 791 1905 adhaerentes,
814 1831 864 1890 die
887 1832 926 1897 17
945 1831 1007 1890 Fe-

32 1921 161 1983 bruarii
184 1921 279 1981 huius
304 1921 395 1996 anni3
417 1939 493 1999 quos
520 1925 689 1999 propterea
714 1924 861 1984 hocloco
882 1923 1006 1985 meritis

34 2019 187 2081 laudibus
208 2033 495 2080 commemoramur.

90 2113 203 2175 Maior
216 2115 322 2172 autem
337 2113 479 2174 cumulus
493 2113 716 2175 consolationis
729 2115 861 2176 accessit
875 2118 1007 2194 propter

37 2225 107 2283 vos,
131 2205 246 2266 dilecti
267 2204 327 2266 lilii
349 2206 475 2266 secundi
491 2206 610 2283 ordinis
630 2207 866 2283 Ecclesiastici,
882 2209 936 2286 qui
950 2210 1006 2270 vix

34 2301 159 2362 Nostro
182 2298 322 2372 iudicio,
345 2299 531 2378 Nostrisqne
559 2301 688 2361 monitis
715 2303 853 2377 auditis,
878 2302 1005 2364 illustre

33 2398 185 2454 veterum
199 2393 393 2469 quorundam
411 2391 541 2455 Galliae
551 2395 785 2472 Episcopcrcm
795 2397 915 2459 imitati
928 2398 1007 2459 estis

35 2486 231 2563 exemplum.
253 2486 333 2547 Nam
355 2486 449 2547 sicuti
481 2487 532 2547 illi
560 2490 632 2564 post
660 2489 824 2566 probatam
846 2507 908 2552 nne
935 2509 1004 2552 cum

34 2579 249 2641 orientalibus
269 2579 421 2657 episcopie
442 2597 610 2641 amaneum
629 2586 763 2644 concilii
782 2583 1007 2645 Ariminensis

35 2675 231 2750 formulam,
256 2675 459 2748 agnoscentes
481 2675 640 2750 *fraudem
667 2693 787 2752 pessum
810 2695 875 2737 esse
897 2693 1005 2738 eorum

34 2763 292 2842 simplicitatem,
308 2781 376 2824 sese
398 2764 581 2825 retulerunt
602 2769 641 2826 ab
663 2767 714 2826 luis
734 2770 901 2840 omnibus,
922 2787 1007 2846 quac

33 2877 96 2935 par
121 2860 350 2936 ignorantiam
360 2875 534 2935 perperam
547 2867 640 2937 gesto
653 2868 781 2920 sunt...
797 2865 1006 2940 macimeque

37 2968 152 3012 eorum
178 2951 357 3036 sacerdotes
388 2959 555 3028 apostatas
574 2961 775 3029 respuentes,
798 2956 916 3032 quiin
937 2958 1007 3017 loca

36 3047 189 3120 fratrum
210 3042 440 3120 indignissime
461 3047 697 3119 seruientium,
719 3048 926 3124 domandam
947 3057 1006 3110 aut

38 3137 271 3214 ignoratione,
288 3145 347 3196 aut
369 3138 536 3213 impietate
558 3149 636 3199 suat
655 3143 822 3201 substituti
836 3139 893 3222 (1),
906 3142 952 3203 ita
972 3145 1013 3204 et

100 3298 140 3352 (1)
156 3296 198 3342 Ita
207 3295 318 3355 professi
328 3297 388 3345 aunt
399 3297 527 3346 Gallicani
535 3297 575 3346 illi
584 3300 740 3359 Episcoplln
750 3299 878 3360 synodico
890 3302 1006 3362 Epistula

37 3369 69 3420 nd
79 3371 377 3431 Orientalenllpiaoopoa,
389 3384 454 3431 qnae
463 3373 573 3432 primum
581 3374 651 3423 adita
665 3377 705 3422 ast
718 3377 849 3425 aNioolao
860 3378 942 3426 Fabro
950 3378 1006 3425 lni-

36 3448 73 3514 ¹tio
82 3449 119 3495 11.
132 3447 218 3496 Partis
231 3449 444 3512 Fragmentorum
463 3449 489 3496 S.
505 3449 600 3497 Hilarii
618 3449 649 3498 da
669 3451 788 3510 synoda,
809 3453 968 3513 referturque
988 3465 1006 3502 a

38 3525 142 3574 sabaeo
152 3524 317 3572 cittomlll.
329 3523 439 3574 ocidit.
448 3526 474 3574 et
483 3535 546 3586 seo,
558 3538 588 3574 ao
598 3528 748 3587 praesertim
757 3529 868 3579 colaia.
880 3530 965 3578 uma.
975 3531 1003 3582 0.
