2386 4194
218 335 283 394 dies
294 336 575 395 reconciliationis
589 353 626 396 ac
642 338 749 412 pacis.
765 334 896 394 Minime
911 333 1019 410 itaque
1033 333 1190 392 horresci-¹

217 444 287 488 mus
303 437 437 505 propter
457 428 608 488 aduncos
629 445 733 502 casus,
756 427 810 504 qni
831 431 897 488 tam
920 426 1015 500 istic,
1030 445 1123 504 quam
1149 428 1190 501 inq

217 522 399 583 Galliarum·
414 539 513 600 regno
541 524 736 594 evenerunt,
759 522 890 599 perinde
910 539 946 584 ac
969 521 996 581 si
1017 525 1099 582 Deus
1119 523 1190 584 Nou

218 613 447 692 dereliquisset.
468 616 528 674 Sed
550 613 629 674 illud
652 617 758 673 mente
784 612 981 674 revolvimus
1002 631 1037 675 ao
1059 620 1178 693 reputa·

216 725 298 782 mus,
320 726 368 782 ee,
390 723 469 785 qnae
489 712 621 786 propior
637 709 775 780 Nostra,
797 715 832 768 et
852 708 1035 786 populorum
1059 715 1177 788 peccat

165 866 170 877 ,
217 803 416 876 acciderunt,
440 819 507 863 non
528 803 573 863 ad
593 805 784 874 interitum,
808 803 862 863 sed
883 803 927 862 ad
948 806 1175 879 correptionem

216 913 280 958 esse
299 900 428 974 pencris
447 897 560 958 Nostri
580 895 638 976 (1);
654 901 801 974 certoque
823 897 966 956 futurum
988 897 1174 968 confidimns,

217 995 253 1051 nt
266 993 347 1052 Deus
361 992 505 1068 Optimus
520 991 689 1063 Maximus,
705 977 811 1051 coram
826 1005 886 1067 quo
900 989 1025 1069 saepius
1040 1007 1174 1068 procum-

216 1086 324 1145 bentes
338 1085 446 1158 Nobis,
463 1085 648 1162 populisque
669 1085 807 1146 Nostrae
820 1103 914 1146 curae
928 1085 1125 1146 concreditis
1135 1103 1175 1144 ve·

216 1179 300 1240 nium
320 1178 558 1256 flagitavimus,
580 1179 806 1238 reconcilietur
835 1179 936 1238 servis
963 1178 1049 1252 snis3
1072 1179 1172 1256 quippe

215 1291 396 1351 numquam
417 1273 548 1350 quidem
563 1291 585 1332 a
598 1273 695 1334 Nobis
715 1273 976 1334 mirericordiam
988 1289 1086 1332 socam
1100 1289 1172 1333 arto

215 1376 267 1428 oet
278 1411 289 1440 ,
313 1369 367 1428 sed
392 1368 571 1442 corripiens
592 1369 630 1426 in
651 1368 798 1427 adversis
823 1367 979 1444 populum
999 1385 1098 1426 suum
1120 1385 1165 1426 nos

215 1459 418 1538 derelinquit
431 1461 488 1536 (2);
505 1468 535 1520 et
555 1463 616 1538 qui
636 1461 808 1522 derelictus
822 1462 868 1518 in
883 1461 938 1519 ira
950 1460 1012 1520 Dei
1027 1459 1166 1538 Omnipo-

215 1557 316 1615 tentis
336 1561 399 1627 est,
424 1557 542 1614 iterum
564 1555 602 1613 in
620 1556 739 1630 mapni
759 1554 896 1614 Domini
915 1556 1169 1616 reconciliatione

215 1649 418 1708 recitabitur
439 1646 497 1726 (3).

275 1741 403 1812 Audite,
425 1757 497 1800 ven.
514 1741 658 1813 Fratres,
680 1757 717 1800 ac
739 1737 847 1801 dilecti
869 1739 942 1814 filii,
964 1741 1101 1801 Nostrae
1127 1757 1172 1816 ps·

216 1841 322 1895 ternos
345 1853 449 1901 voces,
470 1851 547 1911 quas
569 1834 733 1894 consilium
757 1839 920 1911 sequentes
941 1851 1014 1892 ven.
1030 1834 1170 1893 Fratrum

214 1931 403 1990 Nostrorum
425 1929 457 1988 S.
470 1931 510 1989 R.
524 1930 561 1989 E.
574 1927 789 1990 cardinalium
810 1929 849 1988 ad
869 1929 933 1986 Vc‘e
953 1925 1170 1998 convertimus,

215 2024 318 2083 veluti
339 2025 454 2084 Pastor
475 2021 678 2095 universalis,
700 2026 734 2082 et
754 2019 900 2100 princeps
915 2021 1031 2080 Vester
1054 2035 1113 2096 pru
1135 2036 1172 2079 re·

214 2133 287 2177 rum
309 2117 616 2189 ecclesiasticarum,
640 2133 676 2176 aa
690 2116 893 2193 politicarum
915 2110 1170 2174 diversitatem

212 2213 463 2270 aeclesiasticum
488 2210 629 2287 regimen
658 2211 736 2286 qnod
764 2209 901 2280 attinet,
923 2224 994 2266 cum
1016 2206 1108 2277 illis,
1128 2202 1169 2281 qui

213 2303 416 2362 iureiurando
437 2303 573 2380 amplexi
587 2305 622 2362 et
635 2302 776 2363 exsecuti
787 2305 873 2374 sunt,
888 2301 941 2361 vel
957 2317 1105 2377 umquam
1120 2315 1167 2359 am

212 2397 428 2473 plecterentur
449 2400 483 2456 et
503 2400 751 2474 exsequerentur
763 2395 837 2456 istic
858 2397 989 2455 ciuilem
1003 2395 1087 2454 cleri
1103 2391 1165 2452 Con

212 2492 437 2563 stitutionem,
460 2491 567 2549 eadem
595 2488 833 2550 mansuetudine
854 2505 1004 2564 agemus,
1027 2505 1092 2563 qua
1110 2502 1166 2546 cum

214 2583 255 2643 iis
277 2584 324 2644 nsi
346 2573 462 2654 sumus,
485 2584 538 2660 qni
560 2585 640 2643 idem
663 2583 894 2660 praestiterunt
914 2580 946 2639 in
969 2579 1104 2652 Galliis,
1127 2575 1169 2638 ubi

214 2681 318 2738 ortum
335 2677 446 2738 habuit
459 2679 565 2736 eudem
581 2677 773 2738 constitutio
785 2674 902 2753 partim
922 2673 1097 2746 haeretica,
1108 2690 1169 2750 par·

213 2769 270 2831 tim
293 2770 501 2841 schismatica,
525 2773 558 2830 et
579 2769 610 2828 in
633 2769 816 2829 universum
837 2767 931 2846 longe
953 2785 972 2826 a
992 2767 1124 2844 regulis,
1142 2768 1169 2824 et

213 2863 378 2940 disciplina
398 2862 612 2924 ecclesiastica
630 2863 815 2935 abhorrens
834 2861 880 2922 ita
902 2865 937 2921 ut
958 2862 1088 2939 preinde
1107 2875 1169 2936 pro·

212 2956 346 3034 positum
368 2955 465 3016 Nobis
485 2954 540 3026 sit,
560 2954 642 3014 nihil
662 2971 756 3032 agere
778 2954 877 3027 aliud,
900 2953 961 3012 nisi
982 2953 1104 3012 eusdem
1124 2952 1168 3010 de·

212 3055 350 3122 clarare,
374 3066 412 3111 ao
432 3050 607 3110 tetendero
627 3049 793 3110 canonieus
808 3067 934 3126 poenas,
949 3065 1026 3124 quas
1038 3048 1166 3108 Nostrae

212 3145 345 3206 litterae
367 3160 442 3220 prae
464 3143 644 3214 scierunt,
667 3143 716 3202 die
740 3143 778 3203 13
799 3142 929 3202 huiusce
949 3142 1064 3201 mensis
1083 3141 1166 3200 datae

213 3240 341 3298 dilectis
354 3237 453 3297 Filiis
473 3236 600 3296 Nostris
612 3234 647 3296 S.
657 3236 698 3296 ll.
712 3235 754 3295 ll.
772 3233 1015 3308 cardinalibus,
1031 3243 1061 3293 et
1079 3247 1167 3293 uerte·

275 3389 309 3441 u>
326 3385 383 3432 Lib.
396 3387 430 3443 ΙΙ,
443 3385 560 3438 Muchub.
573 3398 629 3444 cop.
643 3385 767 3444 V1,vers.
780 3387 818 3432 12.
889 3384 895 3398 “

220 3461 572 3536 v(mImcssitverstti.
808 3467 810 3472 ’

275 3539 310 3601 (Β)
327 3537 384 3586 Lib.
396 3539 431 3594 11,
443 3535 559 3584 mohab.
570 3547 627 3594 oep.
640 3537 671 3593 V,
681 3547 749 3583 vers.
762 3537 802 3584 io.
