2492 4202
432 257 469 272 -
492 226 612 287 205-

31 331 183 392 omnibns
202 333 315 394 habeas
339 335 455 404 Deum,
475 333 614 393 eiusdem
637 336 819 396 caelestium
839 353 1003 397 munerum

32 425 214 502 auspicem,
251 427 454 504 apostolicam
488 427 734 489 benedictionem
762 427 1004 506 augustissimae

31 519 202 580 Maiestati
230 521 323 592 tuas,
355 520 582 597 universaeque
610 522 796 583 Austriacae
825 523 937 584 Domui
964 541 1005 584 cx

32 612 154 672 intimo
179 617 311 706 paterne
343 613 438 674 corde
465 614 681 691 depromptam
709 616 922 677 amantissime
947 615 1006 676 im·

32 705 208 781 partimur.

79 800 194 858 Datum
209 802 338 872 Romae,
351 800 401 860 die
419 801 463 861 III
481 801 594 860 Martii
610 802 816 876 MDOOXOII,
836 803 1009 863 Pontifices

32 894 94 950 tus
112 892 222 952 Nostri
243 910 326 952 anno
346 895 463 954 XVIII.

189 1027 199 1060 ,
612 989 715 1061 PIUS,
739 987 792 1064 qui
814 1005 919 1065 supra.

461 1137 584 1200 nvn.

235 1318 237 1324 s
321 1263 460 1308 rinconis
481 1263 572 1308 rinus
592 1265 723 1309 sosrius

95 1395 131 1454 S.
157 1391 360 1454 ROMANAE
392 1393 611 1454 EOOLESIAE
644 1395 945 1458 GARDINALIBUS
1010 1399 1012 1404 ’

119 1487 174 1548 ΕΤ
189 1485 286 1546 VEN.
300 1487 633 1547 ARCHIEPISOOPIS
648 1487 702 1546 ET
717 1487 922 1550 EPISCOPIS

118 1636 169 1696 Ac
190 1635 319 1698 dilectis
339 1637 438 1697 Filie'e
458 1636 628 1714 Capitulis,
647 1633 736 1697 Gtero
758 1646 788 1696 et
798 1641 917 1713 popolo

361 1732 470 1808 Repeti
494 1730 691 1792 Galliarum.
724 1745 726 1754 ’

181 1945 184 1953 .
274 1881 433 1974 PIUS
479 1881 658 1959 ΡΑΡΑ
702 1879 770 1960 VI.

40 2058 170 2117 arrecti
184 2029 270 2115 run
289 2060 421 2133 nostri,
436 2061 524 2118 ven.
545 2061 702 2132 matres,
715 2076 755 2120 ae
769 2059 1005 2130 DilectiFilii,

130 2155 284 2212 satutem
306 2158 341 2211 et
360 2155 596 2224 Apostolicam
617 2155 913 2213 Benedictionem.

98 2301 209 2360 Novae
230 2299 290 2356 has
310 2297 460 2369 litterae,
476 2316 552 2375 ques
573 2299 610 2358 ad
633 2316 688 2358 vos
710 2299 837 2370 damus,
853 2303 1005 2359 testatum

42 2393 130 2452 vebis
143 2391 277 2464 facient,
293 2393 411 2467 quanto
426 2407 466 2449 ex
482 2409 543 2450 una
558 2397 649 2467 parte
663 2393 781 2452 Noster
795 2391 917 2452 animus
932 2409 1008 2469 gau-

43 2486 110 2558 dio,
133 2483 259 2544 exalia
281 2501 357 2542 vero
383 2484 538 2546 afficiatur
559 2484 666 2543 dolore
693 2490 825 2561 propter
847 2485 1006 2544 diversum

41 2579 230 2639 Nostrarum
251 2579 470 2638 monitionum
490 2577 630 2650 exitum,
653 2596 731 2654 quae
752 2578 889 2650 litteris,
906 2578 955 2636 die
968 2578 1006 2637 13

42 2671 158 2731 mensis
184 2670 305 2747 Aprilis
333 2670 503 2746 superioris
531 2669 605 2728 anni
634 2669 718 2728 datis
744 2669 1004 2740 continebantur3

42 2783 120 2841 quae
134 2764 261 2840 quidem
276 2763 461 2823 monitiones
473 2763 581 2839 quales
595 2761 731 2834 fuerint,
754 2781 811 2823 nec
834 2779 890 2820 vos
911 2761 1004 2835 latet,

43 2855 199 2916 nesolius
220 2855 367 2915 catholici
388 2855 472 2914 orbis
493 2855 621 2930 ignorat
641 2855 822 2932 Episcopus.

101 2951 153 3010 Ad
174 2949 335 3025 pendium
356 2949 437 3025 quod
460 2947 597 3019 attinet,
613 2965 669 3008 vos
691 2948 723 3006 in
752 2947 874 3023 primis,
890 2946 1007 3007 Dilecti

44 3046 102 3106 filii
122 3045 237 3106 Nostri
258 3047 291 3105 S.
316 3047 355 3106 R.
379 3047 415 3105 Ε.
437 3045 632 3116 cardinales,
661 3061 697 3103 ac
725 3062 795 3103 ven.
819 3043 936 3103 fratres
956 3059 1013 3103 ar·⁴

43 3139 235 3216 chiepiscopi
255 3142 289 3198 ct
304 3138 460 3216 Episcopi,
476 3136 756 3214 locupletissimam
770 3135 868 3197 Nobis
882 3153 1007 3196 causam

44 3231 265 3309 suppeditatis.
289 3231 416 3295 Nostris
436 3230 519 3290 enim
535 3229 676 3307 paternis
690 3229 817 3289 vocibus
831 3229 1008 3290 confirmati

45 3327 145 3404 magis
165 3321 325 3404 magisque
346 3324 477 3403 egregia
498 3322 695 3386 constantiae
720 3323 811 3384 laude
833 3322 1005 3396 enituIstis,

45 3419 100 3498 alii
122 3437 161 3479 ex
183 3419 415 3499 vobisinvicto
436 3420 539 3480 animo
554 3417 702 3482 exsilium
717 3417 1008 3489 tolerantescxtra

46 3517 169 3574 vestras
189 3512 364 3587 EcclesIas,
381 3516 414 3573 et
435 3515 528 3574 extra
549 3511 650 3588 ipsum
670 3513 834 3589 Regnum,
849 3510 906 3572 alii
927 3511 1008 3572 iniu-
