2498 4200
441 207 623 268 -179-

51 316 294 390 auctoritatem,
317 317 351 375 et
370 313 565 378 Catholicam
586 313 685 391 ipsam
708 313 905 394 Religionem
925 334 1020 380 ever·

51 413 161 472 untes
177 408 306 470 Etenim
320 407 513 486 exspoliatae
526 410 601 469 snut
615 406 704 468 bonis
717 407 887 482 Ecclesiam
902 426 1019 488 argen-

52 509 103 566 tea
122 503 267 580 supellex
289 501 425 579 direptaq
439 518 528 564 sacra
549 520 625 564 vasa
636 503 778 564 scelestis
790 503 936 584 manibus
946 522 1019 564 oon·

51 600 188 659 tractata
209 613 246 658 ac
266 594 441 656 Massiliam
456 596 573 670 delata,
589 596 800 674 pecuniaeque
815 616 855 670 ex
866 597 934 659 illis
946 617 1018 658 con-

48 693 157 764 flatae3
181 689 447 756 monasteriorum
469 690 611 752 claustra
632 694 796 770 perrupta;
819 711 926 753 sacrae
940 693 1019 754 Vir-

49 786 135 864 gines
156 785 241 848 male
263 785 401 858 habitae,
416 787 450 846 et
463 787 502 846 ad
518 787 652 862 petenda
666 785 729 847 alia
744 786 949 861 monasteria,
962 790 1017 848 aut

47 881 85 940 ad
107 877 230 956 patrios
250 877 334 938 lares
350 879 533 938 remeandos
548 879 690 939 adactae.
706 879 880 941 Praeterea
894 879 1018 957 publico

45 975 280 1051 programmate
307 971 358 1032 die
378 971 419 1032 30
439 971 627 1034 Novembris
655 971 755 1048 elapsi
776 973 849 1034 anni
878 973 1016 1034 edictum

47 1071 96 1128 est
116 1070 186 1129 tum
209 1067 290 1126 Veu.
306 1065 416 1127 Fratri
441 1066 691 1143 Archicpiacopc
711 1066 947 1139 Aoeciouecsi,
965 1066 1018 1146 qui

54 1163 173 1222 Villam
193 1175 316 1220 novam
337 1158 438 1219 locum
460 1175 533 1219 suae
554 1158 711 1221 Dioecaais
733 1163 926 1232 secesserat,
950 1164 1017 1222 tum

48 1258 191 1318 omuibus
215 1253 718 1332 Parocbis,1icclesiusticisque
739 1253 818 1314 viris
846 1255 1017 1328 universis,

49 1356 83 1412 nt
101 1349 198 1412 brevi
221 1348 374 1425 temporis
395 1347 498 1425 spatio
520 1348 689 1410 Aooniona
704 1347 856 1410 sisterent
870 1367 947 1423 aesc,
960 1349 1019 1409 ibi-

49 1463 101 1522 que
134 1444 240 1505 cicici
268 1442 494 1502 iurisiurandi
521 1442 674 1520 religione
706 1461 739 1503 se
764 1442 1015 1522 adstringerent,

52 1535 257 1600 iurisiurandi
266 1535 399 1611 scilicet,
408 1554 447 1598 ex
457 1554 518 1614 quo
528 1535 698 1614 praecipua
712 1537 866 1597 malornm
880 1538 1017 1600 omnium

56 1648 136 1694 ausa
160 1628 330 1708 profiuxit3
352 1629 380 1689 si
401 1647 488 1689 secus
510 1628 614 1703 lieret,
630 1633 858 1707 reputarentur
879 1630 1016 1692 omuese
1131 1675 1137 1685 .

54 1743 97 1786 suo
118 1726 227 1804 gradu
248 1722 374 1797 deiecti,
388 1739 557 1800 eorumque
572 1723 729 1784 Ecclesiae
746 1723 796 1785 ita
809 1723 1015 1798 haberentur,

51 1836 80 1878 ac
99 1819 127 1880 si
150 1835 208 1878 suo
229 1818 362 1878 Pastore
383 1819 542 1878 carerent.
556 1817 642 1884 Quod
657 1816 782 1893 quidem
799 1817 1018 1894 Proprcmmo

51 1911 76 1972 iu
105 1915 250 1977 mentem
271 1909 367 1974 Nobis
394 1913 527 1972 revocat
555 1911 721 1972 scelestum
750 1911 829 1972 illud
861 1911 1018 1972 Edictum

51 2007 200 2068 adversus
222 2005 330 2078 bonos,
346 2004 569 2082 legitimosque
592 2007 741 2065 Pastores
763 2005 802 2066 ab
823 2007 1017 2083 Imperatore

54 2097 226 2160 Constante
253 2097 373 2158 editum
400 2097 607 2158 Arianorum
634 2097 765 2158 consilio
792 2103 886 2176 atque
909 2116 1015 2176 opera,

55 2196 122 2269 quod
147 2190 330 2269 Scriptores
353 2209 460 2255 omues
481 2190 596 2251 merito
611 2193 743 2252 horrore
757 2194 832 2251 sunt
845 2192 1014 2269 prosecuti.

51 2287 107 2348 Hoc
128 2285 217 2346 enim
238 2301 358 2361 quoque
378 2283 526 2346 Edictum
548 2302 617 2344 cum
639 2286 768 2346 eandem
789 2284 856 2345 lere
878 2284 1018 2362 sponsio-

50 2396 114 2440 nem
137 2377 179 2438 ab
202 2375 434 2438 Ecclesiastiois
456 2376 536 2436 viris
557 2377 751 2454 postularet,
773 2378 897 2438 easdem
919 2377 1016 2438 ctiam

48 2489 120 2549 prae
134 2489 169 2530 ae
180 2469 305 2532 ferebat
326 2471 426 2532 minas
447 2470 532 2530 hisce
548 2472 655 2531 verbis
672 2474 848 2550 conceptas:
864 2470 934 2530 Aut
947 2473 1018 2532 sub-

45 2566 189 2636 scribite,
213 2571 273 2627 out
294 2564 333 2622 ab
355 2562 510 2624 Ecclcsr'is
529 2564 669 2625 recedite
690 2563 747 2642 (1).

104 2660 223 2734 Minis,
245 2677 324 2738 quae
346 2661 378 2719 in
399 2659 510 2720 Edicto
537 2660 800 2735 continebantur,
822 2659 941 2721 iactum
964 2677 1018 2720 re-

47 2756 175 2834 spondit
196 2754 326 2832 profano
348 2753 464 2814 scelere
486 2757 521 2813 at
540 2753 669 2813 immani
692 2753 859 2832 sacrilegio
882 2753 1016 2832 undiquc

48 2852 186 2930 plenum.
200 2850 258 2912 Dio
279 2850 362 2910 enim
384 2851 424 2912 26
445 2848 561 2910 mensis
574 2849 742 2910 Februarii
763 2849 856 2910 huius
870 2849 943 2909 anni
964 2867 1018 2909 ac·

47 2947 142 3008 cessit
163 2947 203 3008 ad
215 2944 436 3007 Oathedralem
452 2943 624 3006 Ecclesiam
637 2942 788 3005 Officialis
802 2942 1014 3022 municipalis,

48 3040 95 3100 cni
122 3056 236 3100 nomen
256 3037 457 3116 Duprutiua,
478 3038 578 3100 armis
605 3037 801 3112 instructus,
824 3040 857 3098 et
878 3037 1016 3116 gladium

48 3136 182 3198 dextera
203 3133 396 3211 praeferens,
412 3131 594 3211 ingentique
609 3132 778 3194 comitatus
792 3131 932 3192 militum
954 3149 1018 3192 ma-

49 3229 146 3288 nula
168 3224 329 3288 Ecclesiae
349 3223 520 3286 Oauoniccs
542 3243 559 3285 e
579 3226 680 3288 Ohoro
695 3225 892 3302 egredientes
914 3224 947 3285 in
962 3243 1018 3287 au·

48 3320 109 3384 lam
131 3318 342 3396 capitularem
357 3318 428 3396 cogi
450 3317 562 3393 iussos,
582 3319 706 3380 nomine
720 3319 1014 3399 Municipalitctia,

108 3453 144 3506 (1)
163 3451 190 3498 Β.
203 3450 363 3499 Athanasius
379 3449 460 3509 ltplat.
481 3447 518 3496 ad
534 3463 622 3498 omnes
644 3449 745 3512 ubique
760 3449 911 3500 solitariam
933 3451 1016 3500 citam

51 3533 175 3587 spectes:
192 3539 262 3586 oper.
274 3537 341 3576 omn.
354 3524 416 3576 etit.
429 3526 519 3577 colon.
530 3527 601 3576 1086.
613 3527 674 3576 tom.
686 3527 708 3574 1.
719 3538 743 3584 p.
753 3523 811 3578 82⁹.
822 3528 861 3576 ut.
875 3529 902 3580 c.

898 3615 914 3647 ἡ
