2498 4200
437 234 614 294 ..255-

12 347 13 392 ῗ
57 343 143 414 bere,
164 344 214 404 vel
243 344 276 403 in
305 344 373 405 illis
395 363 427 404 se
448 344 592 421 ingerere
619 346 848 420 quoquomodo
870 344 917 404 uti
939 362 1010 404 car·

55 436 162 496 dinalis
181 437 300 497 valeat.
317 437 412 497 lllum
433 438 563 513 proinde
585 437 623 496 ab
644 437 702 496 hac
723 438 774 497 die
796 439 827 497 in
850 441 1008 514 posterum

55 529 239 590 absolvimus
251 548 270 588 a
281 529 408 589 vinculo
420 531 608 590 sacramenti
617 531 763 607 praestiti
774 532 932 590 occasione
943 549 1011 591 car-

55 622 223 696 dinalatus,
239 622 337 682 salvis
359 623 484 698 poenis,
500 624 610 701 quibus
632 642 664 683 se
687 617 820 684 subiecit
842 627 1009 686 secundum
1115 685 1120 692 ,

54 735 199 789 oenones,
223 719 265 776 et'
278 716 516 776 constitutiones
537 718 734 793 Apostolicas
755 737 794 777 ex
820 737 1010 796 quecumque

54 828 157 878 causa,
174 813 208 869 et
221 811 407 886 praesertim
423 810 460 868 ob
483 809 750 892 transgressiones
771 810 855 869 circa
873 811 949 871 dieti
964 812 1011 870 iu·
1129 827 1139 838 ·

53 903 182 962 rumenti
195 902 428 963 observantiam
439 905 591 962 haetenus
602 903 833 976 commissas,et
845 905 932 964 salva
941 923 1010 982 poe-

54 1016 87 1057 na
107 981 318 1074 suspensionis
339 997 377 1055 ab
399 995 552 1058 exercitio
573 995 699 1054 Ordinis
721 996 759 1055 ab
780 1014 815 1054 eo
832 997 951 1072 pariter
966 999 1012 1056 in-

53 1109 149 1163 cursa,
164 1092 204 1150 ob
225 1108 285 1148 non
307 1089 473 1166 impletum
488 1093 688 1165 praeceptum
705 1090 741 1148 de
756 1088 898 1164 praelato
912 1089 1010 1149 civico

54 1186 243 1244 sacramento
265 1184 441 1244 revocando
463 1184 550 1242 intre
571 1182 781 1259 quadraginta
802 1182 867 1240 dies
887 1182 926 1241 ad
948 1181 1012 1240 ior-

53 1296 126 1338 mam
140 1281 331 1340 Nostrarum
346 1277 529 1338 litterarum
543 1275 606 1336 diei
626 1276 663 1335 13
677 1275 776 1351 clapsi
791 1275 906 1334 mensis
919 1276 1013 1352 Apri·

53 1373 97 1446 lis,
112 1377 147 1432 et
161 1371 259 1433 salvis
273 1371 345 1431 aliis
360 1371 504 1430 omuibus
518 1369 720 1447 gravioribus
735 1368 841 1446 poenis
855 1368 1011 1430 canonicis

55 1465 245 1527 declarandis
266 1467 298 1524 in
321 1483 394 1525 casu
416 1464 580 1523 ulterioris
601 1462 803 1540 pertinaciae.

107 1565 143 1623 In
159 1560 295 1622 Nomine
308 1559 414 1619 Petris
426 1557 459 1626 iia
472 1561 505 1618 et
515 1557 593 1618 Filii
604 1560 638 1627 »Β
652 1563 685 1618 et
697 1557 879 1635 Spiritus&
891 1559 1010 1618 Sancti.

54 1655 157 1715 lmen.

104 1754 225 1812 Locum
245 1746 371 1824 collegii
388 1746 506 1818 vestri,
521 1747 575 1824 qui
589 1748 724 1808 admissa
738 1766 837 1825 nuper
850 1747 1015 1809 renuncia·-

55 1843 133 1904 tione
155 1842 268 1904 Caroli
287 1841 448 1917 Stephani
467 1843 506 1902 dc
520 1841 672 1902 Mmenie
694 1846 804 1912 vacat,
821 1841 1011 1900 inhaerendo

55 1937 200 2015 exemplis
214 1937 405 1996 Nostrorum
425 1936 697 2011 praedeeessorum
712 1933 883 1996 Clementis
897 1935 942 1994 Xl
955 1932 1012 2011 (l),

55 2035 81 2092 et
100 2030 265 2092 Benedicti
286 2029 361 2090 XIV
383 2027 441 2106 (2),
465 2027 578 2105 absque
600 2029 667 2089 ulla
686 2028 888 2090 cunctatione
906 2027 1014 2103 imple-

55 2142 82 2184 re
108 2126 278 2195 volumus,
302 2121 433 2198 ideoque
461 2123 498 2180 ad
527 2121 679 2180 maiorem
707 2121 929 2198 omnipotentis
956 2121 1013 2181 Dei

56 2218 204 2295 gloriam,
227 2217 261 2274 et
282 2215 315 2274 S.
338 2215 378 2274 R.
395 2216 432 2274 Ε.
456 2214 646 2291 praesidium
669 2217 702 2272 et
722 2215 815 2300 decus
835 2231 943 2275 creare
965 2212 1015 2272 in-

55 2312 207 2372 tendimus
221 2309 254 2367 in
274 2307 493 2385 presbyterum
508 2307 705 2370 cardinalem
717 2307 880 2384 egregium
895 2306 1012 2378 virum,

54 2424 139 2482 quem
161 2403 256 2464 iustis
277 2402 314 2460 do
335 2400 437 2462 causis
456 2400 488 2460 in
510 2405 635 2478 pectore
657 2419 854 2463 reservamus
880 2402 1014 2464 arbitrio

53 2500 167 2562 Nostro
189 2495 446 2574 quandocumque
472 2493 692 2571 evulgandum.
801 2554 804 2562 ,

349 2587 433 2652 Quid
459 2587 551 2645 Vobis
571 2586 721 2646 videtur?

108 2682 312 2748 Auctoritate
342 2679 565 2756 omnipotentis
586 2679 661 2752 Dei,
685 2684 863 2742 sauctorum
884 2682 1016 2758 Aposto-

53 2781 152 2840 lorum
167 2775 270 2850 Petri,
282 2777 316 2834 et
329 2773 435 2846 Pauli,
448 2791 484 2834 ac
501 2775 620 2836 Nostra
638 2789 780 2834 creamus
794 2775 1015 2852 presbyterum

54 2874 83 2933 S.
99 2875 140 2934 R.
157 2872 195 2931 il.
217 2867 436 2940 cardinalem,
459 2865 597 2926 arbitrio
618 2865 735 2926 Nostro
763 2868 1015 2943 quandocumque

54 2965 293 3035 declarandum,
317 2979 387 3021 cum
409 2958 664 3037 derogationibus
685 2959 719 3017 et
737 2959 888 3020 clausulis
910 2979 1016 3022 neces·

54 3061 144 3121 seriis
166 3062 202 3117 et
222 3055 419 3134 opportunis.
677 3077 700 3120 ι
875 3047 878 3054 “

109 3157 146 3216 iu
157 3150 293 3214 Nomine
304 3148 410 3210 Patris
424 3147 458 3216 tlt
472 3151 506 3208 et
519 3147 598 3208 Filii
608 3151 683 3225 quet
696 3147 835 3227 Spiritus
847 3148 881 3216 ᾖ
893 3148 1015 3210 Sancti.

52 3251 161 3312 Amen.

112 3471 147 3526 (1)
164 3468 231 3516 Auta
241 3464 391 3516 conflatorii
401 3465 453 3514 diei
463 3466 487 3513 7.
500 3463 569 3512 Iunii
580 3465 649 3513 1706.

112 3547 149 3603 (ὓ)
165 3545 232 3596 Acta
242 3543 392 3595 comutmu
401 3542 452 3596 diet
463 3543 500 3592 18.
512 3541 657 3592 Decembris
667 3539 740 3592 1754.
