2374 4196
624 189 803 248 -434-

235 299 399 370 termines,
415 314 454 356 ne
475 298 612 373 pausent
633 313 691 372 que
713 293 860 374 produire
881 312 923 354 un
946 294 1025 354 effet
1047 295 1170 355 contraire

236 399 256 454 a
269 412 318 454 ses
331 391 514 453 intentione.

295 490 332 550 Je
353 488 386 546 la
406 484 527 562 supplic
548 485 586 543 dc
607 482 751 543 receroir
771 499 821 542 ces
843 481 1008 542 dernibrcs
1023 483 1174 554 reflexione,

237 598 355 652 comme
375 580 561 654 l'hommage
581 575 652 635 bien
681 575 803 635 sincere
825 577 866 636 du
887 579 1016 652 respect
1039 581 1077 636 et
1095 577 1128 635 dn
1142 577 1165 634 d'

236 675 416 746 venement,
438 673 498 731 etc.

760 761 870 841 Sipnc,
894 763 934 823 de
955 761 1122 824 Lomento.

298 861 387 931 Sene,
403 857 433 916 le
446 857 487 918 26
501 857 586 916 Mars
602 855 691 916 1791.

681 1019 755 1080 xl.

465 1123 675 1184 LITTERAE
695 1121 978 1186 APOSTOLIOAE

665 1295 706 1332 SA·
722 1295 767 1330 ss.

333 1431 490 1511 PAULI
515 1431 566 1510 V.
605 1427 881 1509 PONTIFIOIS
916 1430 1113 1511 MAXIMI

368 1633 410 1676 nu
423 1633 608 1678 carnomcos
622 1633 761 1676 asenias
775 1633 816 1676 nr
832 1634 1007 1678 marmana
1023 1617 1084 1698 (l).

302 1797 416 1872 Magno
430 1792 526 1855 animi
541 1811 681 1853 moerore
708 1795 771 1854 Nos
792 1812 914 1871 semper
928 1795 1179 1857 effecerunttribn-

241 1889 376 1952 lationes
396 1890 430 1946 et
455 1886 756 1964 calamitatesquas
776 1905 834 1963 pro
855 1888 1023 1949 retinenda
1045 1888 1177 1951 catholice

241 1984 302 2044 fide
323 1980 442 2057 iugiter
464 1979 671 2042 sustinuistis.
688 1981 748 2042 Sed
770 1999 839 2040 cum
862 1982 1082 2059 intelligamus
1102 1979 1178 2042 omnir

242 2077 300 2136 hoc
322 2079 462 2150 tempore
485 2072 584 2149 magis
606 2073 800 2146 exacerbari,
816 2073 942 2135 afflictio
955 2077 1079 2137 Nostra
1092 2075 1175 2134 mirun

244 2171 276 2228 in
292 2167 415 2228 modum
437 2169 530 2226 aucta
550 2169 617 2241 est3
634 2167 807 2244 accepimus
830 2186 961 2245 namque
976 2171 1119 2248 compelli
1132 2184 1175 2234 vos,

243 2261 439 2342 gravissimis
470 2260 577 2336 poenis
608 2262 797 2339 propositis,
824 2265 943 2340 templa
976 2266 1171 2325 haereticorum

245 2355 344 2429 adire,
371 2362 478 2419 coetus
501 2374 608 2418 eorum
630 2355 844 2433 frequentare,
858 2358 1061 2420 concionibus
1082 2359 1165 2418 illorun

244 2449 408 2510 interesse.
424 2451 569 2511 Proiecto
581 2448 737 2511 credimus
751 2450 955 2527 proculdubio
970 2469 1036 2522 eos,
1053 2447 1170 2529 quiunt

244 2543 421 2604 constantia
442 2544 654 2605 atrocissimas
675 2543 925 2621 persecutiones,
939 2544 1082 2606 infinitas
1095 2557 1174 2620 propc-

244 2636 368 2706 modum
389 2636 530 2699 miserias
552 2639 701 2698 hactenus
723 2637 860 2714 perpessi
882 2640 976 2710 sunt,
1000 2641 1039 2698 ut
1059 2638 1177 2696 immacu·

244 2728 310 2789 late
322 2729 521 2790 ambularent
535 2731 566 2789 in
583 2730 651 2807 lege
662 2730 797 2803 Domini,
808 2748 973 2808 numquam
990 2731 1177 2791 commissuros

245 2839 324 2895 esse,
338 2825 374 2882 ut
389 2823 630 2899 coinquinentur
644 2825 857 2883 communione
871 2827 1071 2886 desertorum
1082 2823 1178 2884 divinar

245 2914 337 2992 legis.
347 2915 559 2975 Nihilominus
573 2916 639 2975 zelo
655 2915 821 2993 pastoralis
837 2915 928 2975 officii
942 2919 1056 2978 Nostri
1069 2911 1178 2993 impulsi.

245 3010 279 3068 et
293 3025 350 3084 pro
371 3011 503 3084 paterna
525 3008 746 3082 sollicitudine,
766 3027 827 3086 que
848 3011 885 3069 de
906 3012 1010 3071 saluto
1033 3011 1179 3072 animarum

245 3104 424 3162 vestrarum
446 3101 567 3162 assidue
588 3102 777 3177 laboramus,
792 3104 931 3181 cogimur
945 3123 1074 3164 monere
1089 3121 1137 3164 vos
1149 3103 1178 3158 nt·

245 3211 305 3269 que
326 3195 491 3268 obtestari,
507 3199 544 3254 ut
565 3195 651 3254 nullo
672 3197 763 3271 pacto
783 3196 820 3256 ed
843 3196 1074 3256 haereticorum
1091 3191 1178 3268 templs

309 3339 345 3393 (1)
361 3341 458 3385 Herum
474 3337 629 3385 Litterarum
644 3339 739 3385 mentio
756 3337 827 3386 tacta
842 3339 889 3396 est,
906 3338 981 3386 iussu
991 3341 1032 3387 Pil
1044 3341 1086 3386 VI.
1097 3341 1124 3385 P.
1133 3333 1180 3382 u'n

249 3412 421 3460 Instructione
436 3413 506 3460 editu
521 3412 561 3459 die
577 3414 608 3460 26
625 3413 778 3470 Septembris
794 3425 836 3459 au.
849 3413 908 3459 1791
926 3426 1003 3472 super
1018 3411 1180 3473 quaestionib!

247 3487 383 3546 propositis
399 3502 415 3536 e
431 3489 572 3536 Galliarum
588 3489 721 3548 Episcopls
730 3513 762 3524 -
771 3487 835 3538 Vide
851 3501 936 3551 super.
947 3503 1006 3550 pag.
1017 3493 1072 3539 πθ.
1085 3489 1135 3537 2⁸1.
