2514 4198
261 383 307 430 re.
323 366 513 446 «Pronum,
523 363 638 441 inquit,
653 381 689 424 ac
701 364 913 442 perniciosum
927 368 1067 444 systema
1081 364 1147 425 ium
1163 363 1238 442 pri·

260 476 279 518 s
293 459 362 518 dem
377 457 416 518 ab
436 457 619 535 Apostoiiea
632 458 712 518 Sede
725 459 928 537 reprobatum
942 475 978 520 ac
989 475 1046 536 pro
1059 458 1235 518 baeretieo

260 567 439 631 »expresse
458 553 660 626 damnatum,
675 551 844 613 fallacibus
863 552 1073 626 ratiunculis,
1089 551 1235 623 fucatis,

260 643 445 722 »audead
467 643 651 722 religionem
671 646 849 724 compositis
870 647 989 721 verbis,
1009 647 1238 723 contortisque

260 759 280 800 s
293 738 541 816 scipturarum,
557 757 593 799 ac
606 741 739 801 Petrum
759 741 950 804 testimoniis
964 743 1131 821 impudens
1153 741 1240 801 scri·

260 836 367 911 ›ptor
387 832 550 907 obtrudit,
576 851 637 911 quo
658 834 853 912 simplicibus
873 838 907 897 et
927 835 1029 896 minus
1056 834 1164 896 cautis
1189 834 1240 894 ia·

259 946 278 989 s
293 927 386 988 cilius
399 927 572 1004 imponat.»
582 928 686 1006 Igitur
699 928 845 990 libellum
860 929 1056 1008 proscripsit,
1073 932 1237 1006 notasque

207 1091 215 1121 Ι
259 1019 415 1099 apposnit,
430 1023 577 1097 captiosi,
585 1023 684 1099 fabi,
708 1022 814 1100 impii,
837 1026 930 1100 etque
951 1023 1120 1094 iambici,
1146 1021 1236 1082 eius-

260 1133 319 1193 que
339 1112 528 1186 interdixit,
543 1132 579 1175 ae
599 1114 763 1192 prohibuit
782 1114 971 1190 lectionem,
994 1115 1233 1188 retentionem,

260 1211 293 1268 et
315 1219 403 1268 usum
423 1207 565 1268 omnibus
586 1210 619 1267 et
646 1208 779 1286 singuiis
798 1208 919 1271 Christi
939 1208 1104 1283 fidelihus,
1128 1209 1232 1269 etiem

258 1300 402 1378 specifica
421 1305 455 1361 et
475 1300 639 1362 individue
660 1303 819 1363 mentione
840 1303 960 1380 dignis,
976 1301 1032 1364 snb
1052 1320 1158 1380 poena
1178 1321 1233 1363 ex·

259 1393 548 1456 communicationis
573 1393 639 1471 ipso
658 1394 762 1469 facto,
784 1396 899 1474 absque
920 1396 985 1458 alie
1012 1395 1231 1464 declaratione

257 1490 470 1562 incurrendo,
495 1505 515 1547 a
541 1506 602 1565 qua
632 1504 721 1562 pomo
749 1506 966 1567 aqnoquam‚
999 1492 1226 1567 praeterquam

257 1582 416 1644 Pontiiioe
436 1585 576 1643 Romano
596 1598 654 1659 pro
668 1585 808 1660 tempore
826 1582 996 1656 existente,
1012 1583 1072 1642 nisi
1093 1581 1127 1641 in
1145 1599 1232 1642 mor·

258 1677 302 1738 tis
322 1676 459 1738 articulo
479 1675 690 1750 constitutus,
710 1675 917 1736 absolutionis
939 1676 1125 1738 beneficium
1148 1675 1232 1737 obti-

259 1790 333 1834 nere
354 1771 463 1832 valeat
475 1768 533 1847 (1).

318 1865 361 1927 iit
380 1880 454 1925 sene
468 1878 547 1939 qnae
561 1878 706 1938 umquam
721 1860 881 1939 pertinere
894 1864 999 1939 potest
1011 1864 1051 1923 ed
1064 1862 1166 1924 laicos
1180 1862 1230 1924 in-

258 1959 401 2026 risdictio
422 1973 515 2035 snper
533 1957 691 2036 Ecclesiae
715 1956 820 2032 rebus,
836 1956 875 2016 ob
896 1975 988 2034 quam
1008 1957 1227 2020 Ecclesiastiei

257 2055 318 2133 ipsi
340 2051 452 2114 subiici
473 2066 582 2111 eornm
602 2051 746 2111 Decretis
766 2051 955 2111 teneanturi
967 2050 1094 2114 Nemini
1115 2069 1226 2127 porro,

259 2149 311 2227 qui
332 2146 508 2208 catholicus
528 2145 597 2220 sit,
622 2145 763 2222 ignotum
785 2160 852 2204 esse
872 2146 988 2221 potest,
1011 2146 1113 2206 Iesum
1134 2147 1226 2208 curi·

259 2243 343 2302 stum
364 2239 396 2298 in
412 2256 484 2299 suae
504 2237 662 2298 Ecclesiae
681 2236 884 2298 institutione
910 2235 1029 2296 dedisse
1048 2238 1223 2314 Apostolis,

259 2352 428 2412 eorumque
448 2319 676 2394 suecessoribus
688 2334 889 2410 potestatem,
906 2331 987 2392 nulii
1007 2332 1064 2392 aiii
1086 2337 1226 2410 potesta·

258 2428 285 2490 ti
305 2426 493 2501 obnoxiam,
519 2440 611 2503 quam
633 2424 822 2486 sanctissimi
842 2425 956 2484 Patres
982 2424 1124 2485 universi
1148 2445 1223 2488 voce

258 2520 402 2582 concordi
434 2522 635 2598 agnoverunt
660 2537 729 2579 cum
751 2517 823 2579 Osio
849 2519 883 2578 et
903 2519 937 2578 S.
963 2518 1138 2580 Athanasio
1160 2538 1223 2582 mo-

258 2614 404 2677 nentibus
419 2613 476 2692 (2):
492 2631 510 2675 e
524 2615 572 2678 Ne
591 2616 622 2673 te
644 2613 738 2673 rebus
758 2611 890 2671 misceas
911 2611 1146 2689 ecclesiasticis,
1164 2633 1221 2675 nen

258 2707 387 2772 »Nobis
401 2707 488 2768 hisee
510 2707 654 2768 derebus
674 2713 841 2785 praecepte
855 2707 992 2778 mundes,
1008 2707 1060 2766 sed
1083 2724 1104 2766 a
1123 2709 1221 2770 Nobis

258 2802 396 2881 »potins
417 2801 493 2862 haec
520 2800 659 2860 ediscas:
680 2799 751 2859 Tibi
773 2803 855 2860 Deus
876 2799 1042 2876 imperinm
1065 2801 1218 2874 tradidit,

258 2912 276 2954 r
290 2894 389 2957 Nobis
403 2895 567 2971 quaesunt
580 2890 791 2953 ecclesiastica
804 2890 1009 2965 concredidit,
1025 2909 1061 2951 ec
1076 2897 1219 2969 quemad·
1240 2907 1241 2911 ’

257 3007 276 3050 s
291 2989 415 3050 modum
428 2988 482 3066 qui
496 2987 569 3048 Tibi
582 2985 730 3064 subripit,
742 2989 805 3046 Deo
818 2985 978 3046 ordinanti
993 2991 1161 3064 repugnat,
1177 2990 1220 3050 ite
1239 2989 1240 3029 i

259 3085 409 3157 suetae,
425 3101 474 3154 ne,
490 3081 517 3141 si
537 3081 574 3142 ad
597 3081 642 3138 Te
667 3077 879 3140 ecclesiastica
897 3079 1075 3156 pertrahas,
1091 3082 1218 3142 maioris
1238 3103 1239 3138 i

257 3177 432 3238 »criminis
452 3192 525 3236 reus
545 3174 614 3234 iias.
629 3189 648 3232 s
662 3173 708 3232 Ae
727 3175 900 3249 propterea
919 3174 952 3233 S.
969 3174 1098 3234 loannes
1120 3175 1218 3255 Chry-

258 3273 422 3344 sostomns‚
439 3273 475 3330 ut
493 3268 607 3347 magis,
621 3285 713 3345 quam
735 3268 765 3326 id
789 3284 898 3326 verum
920 3270 1022 3341 esset,
1044 3270 1218 3346 comproba·

320 3421 354 3475 ‹1›
370 3417 469 3465 Bnllsr.
479 3416 611 3466 Benedicti
625 3418 823 3475 xlv,tom.1v,
836 3414 1178 3472 consuenteaeunnem.
1235 3455 1236 3470 ,

322 3496 357 3548 (u)
373 3494 399 3540 s.
420 3495 547 3542 Athenas.
556 3492 585 3540 in
600 3491 683 3540 histor
697 3493 817 3540 Antenor.
830 3489 864 3538 ed
879 3489 1016 3540 timebor
1031 3493 1093 3538 tom.
1111 3493 1131 3550 1,
1145 3505 1213 3553 oper.
1235 3473 1236 3503 ¹

256 3583 315 3631 pag.
327 3571 382 3627 til,
394 3569 455 3617 edit.
468 3570 578 3618 linurin.
664 3581 667 3585 ’
1234 3561 1235 3580 ³
