2456 4192
54 305 131 348 »asse
149 287 179 347 in
201 286 362 360 omnibus,
385 287 418 346 et
438 289 632 365 postmodum
654 290 762 347 vestra
783 283 889 344 valeat
912 300 987 361 pec·

52 383 136 442 »cate
153 379 323 440 dimittere.
339 397 359 441 r
745 391 749 402 ·

97 474 172 540 Quod
190 473 290 534 Divus
305 476 477 552 Gregorius
497 475 537 536 ab
557 475 750 536 auctoritate
764 470 987 534 Constantinae

50 567 202 644 postularit
221 567 258 626 ad
273 567 365 626 decus
379 565 562 627 Pontifielae
587 565 765 645 dignitatis,
781 567 847 628 Nos
868 583 886 625 a
900 563 989 623 vobis

49 661 177 722 similiter
196 659 402 738 exquirimus,
419 679 456 719 ne
476 660 507 719 in
525 661 586 721 isto
600 661 779 721 vastissimo
793 663 903 738 Regno
918 657 990 716 Pri-

50 759 132 816 matns
152 755 249 814 honor
270 757 303 814 et
322 753 394 814 iura
414 753 612 827 aboleantur,
629 753 898 832 respiciantnrque
922 768 987 811 me-

52 849 99 910 rita
122 847 229 919 Petri,
253 846 341 906 cuius
365 849 430 909 Nos
455 847 585 907 heredes
611 864 736 920 sumus,
759 847 819 907 etsi
841 845 986 925 indigni,

52 943 142 1019 quique
155 941 248 999 debet
268 939 299 998 in
321 956 454 1017 persona
468 938 660 1002 humilitatis
675 941 812 1003 Nostrae
827 937 987 999 honorari.

51 1037 115 1102 Quod
136 1035 161 1094 si
182 1033 303 1094 alienae
323 1034 493 1111 potestatis
507 1034 538 1094 vi
554 1034 698 1112 impediti
713 1033 841 1111 exsequi
857 1049 916 1092 non
933 1049 990 1093 ra-

50 1128 152 1201 lebitis,
165 1144 224 1204 per
238 1125 449 1204 Religionem,
468 1130 502 1187 et
516 1128 724 1189 constantiam
740 1128 880 1188 vestram
903 1141 990 1184 com-

48 1223 118 1297 plere
143 1221 286 1295 debetis,
311 1220 442 1282 fortiter
473 1239 531 1282 vos
557 1223 597 1283 ab
621 1222 762 1282 iniuncto
787 1221 991 1282 iureiurando

49 1316 245 1376 abstinentes:
268 1316 380 1393 quippe
402 1315 504 1376 minus
525 1317 712 1378 detrahebat
733 1314 886 1394 Gregorio
901 1329 991 1374 usur·

49 1413 108 1485 pata
125 1431 143 1473 a
161 1413 277 1471 Ioanne
300 1408 523 1482 denominatio,
539 1427 630 1488 qnam
644 1411 760 1472 Nostro
782 1409 913 1487 deroget
927 1406 990 1467 iuri

51 1504 196 1565 Nationale
217 1505 396 1563 Decretum.
420 1502 577 1569 Quomodo
605 1502 686 1563 enim
712 1505 892 1575 retentam,
915 1519 994 1560 con-

58 1603 249 1675 seruatamque
264 1596 326 1656 dici
346 1595 465 1673 poterit
485 1615 554 1656 cum
577 1595 697 1656 visibili
712 1595 869 1657 Ecclesiae
884 1593 993 1672 Oapite

58 1693 297 1763 ommunionem,
325 1691 424 1750 eidem
454 1691 671 1762 tantummodo
699 1689 884 1750 electionem
914 1706 994 1749 nun·
1072 1689 1077 1700 '

55 1783 156 1858 ciendo,
181 1787 350 1862 eodemque
372 1789 512 1861 tempore
533 1783 632 1861 ipsius
645 1783 806 1844 Primatus
821 1783 994 1843 auctorita-

53 1881 100 1938 tem
118 1879 213 1940 etiam
236 1897 293 1956 per
314 1876 502 1939 sacramenti
529 1875 715 1956 religionem
740 1877 927 1938 abnuendol
953 1879 995 1939 Et

52 1975 135 2032 umen
157 1974 292 2032 debetur
313 1973 385 2050 ipsi,
407 1976 564 2049 tamquam
586 1972 700 2050 Oapiti,
721 1990 740 2033 a
762 1971 826 2032 auis
847 1971 995 2032 membris

54 2065 179 2126 solemnis
202 2066 368 2127 canonicae
391 2065 586 2127 obedientiae
601 2065 779 2144 promissio,
795 2065 833 2126 ad
857 2064 996 2125 retinen·

54 2159 106 2219 dem
125 2160 155 2219 in
179 2159 320 2220 Ecclesia
341 2160 508 2233 unitatem,
524 2164 617 2236 atque
638 2161 675 2221 ad
698 2158 848 2220 evitanda
868 2159 995 2238 mystici

49 2252 124 2314 huius
143 2251 295 2330 Oorporis
311 2271 329 2313 a
349 2252 475 2314 Obristo
490 2253 618 2313 Domino
633 2252 799 2314 constituti
815 2255 994 2315 schismata.

48 2346 100 2412 Qua
119 2348 150 2407 in
172 2365 221 2420 re,
246 2347 323 2425 quod
346 2349 383 2408 ad
406 2345 563 2407 Ecclesias
583 2345 758 2407 Galliarum
776 2349 931 2426 pertinet,
949 2348 997 2408 vi-

47 2440 107 2500 dere
126 2445 177 2501 est
199 2441 278 2518 apud
301 2439 445 2500 Martene
456 2439 500 2499 De
521 2440 620 2516 antiq.
636 2439 721 2500 Eccl.
738 2439 806 2502 Rit.
823 2439 880 2520 (1),
896 2439 998 2517 qualia

48 2531 147 2594 ibidem
171 2533 297 2594 iurandi
318 2531 455 2593 formula
476 2530 630 2610 viguerit,
646 2531 677 2590 in
699 2549 761 2610 qua
783 2536 919 2605 constat,
934 2534 996 2593 iam

51 2625 234 2705 abantiquis
256 2627 461 2704 temporibus,
485 2625 665 2688 Gallicanos
687 2627 861 2704 episcopos,
884 2627 915 2684 in
943 2643 999 2688 sua

49 2722 246 2794 ordinatione,
261 2723 298 2780 ad
314 2720 387 2780 fidei
408 2719 630 2798 professionem
652 2721 805 2780 addidisse
819 2735 998 2797 expressam

46 2829 108 2874 suae
121 2832 201 2892 erga
215 2816 388 2875 Romanum
404 2813 588 2874 Pontificem
604 2813 798 2874 obedientiae
813 2812 997 2874 clausulam.

95 2909 201 2984 Atque
222 2905 348 2965 hicnon
370 2907 549 2983 ignoramus
572 2905 726 2984 profecto,
742 2923 841 2981 neque
855 2897 1001 2965 dissimu-

48 2993 163 3059 landum
187 2993 351 3073 ducimus,
376 3000 448 3076 quid
476 2999 716 3061 Oonstitutionis
737 2997 916 3061 Nationalis
940 3015 999 3075 pa·

48 3089 119 3150 troni
140 3097 256 3153 contra
276 3093 353 3152 haec
373 3091 550 3168 proferunt,
563 3111 603 3152 ex
617 3090 758 3170 Epistola
772 3094 804 3152 S.
815 3091 999 3153 Hormisdae

45 3183 76 3239 ad
102 3185 314 3264 Epiphaniam
344 3185 563 3247 Patriercbam
592 3186 998 3264 constantinopolitanum,

102 3335 136 3388 a>
154 3336 226 3381 Tem.
238 3336 272 3392 11,
290 3333 335 3381 llb.
347 3337 368 3392 1,
380 3347 436 3393 cap.
448 3335 472 3392 8,
492 3336 540 3381 art.
553 3336 591 3392 11,
604 3334 658 3382 ord.
670 3336 708 3392 10.
720 3337 746 3382 et
756 3333 822 3394 apud
838 3334 963 3383 sirmond.
974 3335 1003 3382 in

46 3408 172 3464 appendic.
185 3409 217 3458 ad
225 3411 286 3458 tom.
304 3412 330 3456 H
341 3409 476 3460 Ocnossior.
489 3409 596 3467 Galliae,
610 3409 641 3456 de
651 3409 763 3468 annonis
778 3411 896 3471 ltplaoop.
904 3421 1002 3470 promo·

45 3479 101 3528 bon.
119 3484 228 3534 formul.
236 3487 273 3544 lt,
285 3497 346 3547 pag.
357 3487 411 3534 bid.
