2386 4194
400 193 581 254 „4oe-

427 328 601 387 xxm.

100 449 243 493 nmucuus
264 451 357 494 rmus
377 449 499 494 ruconns
518 449 696 493 onnuomcrs
715 449 870 495 cuvnrnum

339 525 643 591 nnuuurou'onruusrs
812 512 823 546 ³

214 684 386 764 PIUS
441 682 632 760 PAPA
685 683 756 760 W.

121 871 531 944 Dileutlti'tlii,8s1utem
553 876 589 930 et
608 873 844 943 Apostoltcem

338 978 635 1038 Benedicttcnem.

61 1145 197 1204 minime
219 1145 412 1222 ignoramus,
428 1146 544 1208 nuens
565 1145 655 1219 rinus,
675 1145 777 1223 quam
798 1111 829 1204 in
851 1145 967 1216 Gallia,

16 1255 96 1316 qnam
113 1239 321 1315 perturbatus
332 1239 587 1317 miserandusque
602 1243 705 1300 status
720 1239 774 1311 sit,
789 1237 969 1315 debitasque

17 1347 61 1406 pro
83 1349 121 1390 eo
143 1349 203 1390 non
227 1331 329 1391 solum
351 1349 442 1393 curas
464 1332 660 1412 suscipimus,
676 1333 727 1393 sed
743 1333 853 1393 uberes
873 1331 974 1391 etium

17 1421 153 1483 lacrimas
176 1441 251 1501 pree
267 1425 375 1485 dolore
396 1443 467 1485 cum
487 1425 632 1502 plurimis
651 1426 688 1487 ud
708 1427 805 1486 Deum
826 1423 970 1508 precibus

21 1519 194 1594 profundere
223 1537 285 1577 nou
315 1520 573 1581 intermittimus.
597 1521 630 1580 Id
652 1519 769 1580 mulum
790 1519 829 1579 ud
850 1521 971 1597 Argeu-

25 1615 203 1671 torutensem
225 1610 336 1672 itidem
358 1612 529 1673 Dioecesim
551 1617 715 1672 extensum
737 1611 800 1671 iem
822 1629 900 1684 esse,
920 1614 971 1672 de-

24 1706 230 1782 turbatumquc
255 1722 272 1763 c
293 1723 348 1764 sue
370 1705 449 1764 Sede
470 1704 656 1782 Episcopum
678 1708 819 1764 vestrum
835 1705 971 1767 Ludovi·

20 1816 78 1857 eum
92 1801 124 1859 S.
137 1801 179 1859 R.
195 1799 232 1858 E.
250 1796 448 1858 Gordinalem
471 1797 509 1856 de
532 1798 653 1868 lichen,
670 1796 828 1874 aliumque
844 1797 876 1855 in
890 1798 971 1858 eius·

19 1892 77 1950 dem
89 1891 204 1961 lucum,
217 1908 274 1968 per
285 1890 501 1968 illegitimum,
513 1891 607 1950 immo
619 1889 758 1969 iniquum
770 1889 968 1963 electionem,

21 1985 164 2044 intrusum
185 1983 413 2044 intelleximus.
431 1984 537 2061 Igitur
552 1991 617 2045 tam
633 1984 819 2061 perniciosis
834 1985 970 2061 permoti

25 2079 223 2153 novitatibus,
246 2080 326 2155 quod
350 2079 501 2140 hactenus
523 2079 698 2139 iaciendum
722 2079 885 2152 duximus,
908 2081 970 2139 iam

23 2172 64 2246 qui
81 2171 211 2243 Nostri,
235 2177 269 2231 et
289 2173 423 2232 Sanctae
445 2173 538 2232 huius
559 2172 647 2232 Sedis
669 2191 776 2232 sensus
797 2173 879 2246 sint,
903 2191 972 2250 per·

18 2266 112 2341 splene
142 2259 377 2326 declaravimus
406 2269 439 2324 et
466 2284 522 2342 per
548 2265 720 2343 Epistulam
749 2268 785 2327 ad
815 2265 972 2326 Dilectum

15 2358 124 2418 Filium
151 2361 302 2420 Nostrum
327 2360 361 2419 S.
380 2362 418 2420 R.
437 2361 472 2419 E.
489 2358 685 2420 Gurdinalem
707 2361 744 2418 de
765 2361 913 2421 Lomeuie
933 2362 971 2418 de

15 2451 142 2511 Brienne
164 2452 214 2512 die
235 2453 276 2513 23
297 2453 481 2524 Februarii,
506 2457 539 2512 et
560 2471 615 2530 per
637 2452 731 2512 eliam
753 2453 853 2512 multo
875 2451 973 2529 proli-

15 2545 128 2604 xiorem
154 2546 192 2605 ad
215 2545 339 2606 Galliae
367 2546 537 2623 Episcopus
566 2547 615 2606 die
643 2547 681 2607 10
709 2545 818 2606 Martii
847 2548 969 2616 datam,

14 2653 173 2714 earumque
195 2637 341 2714 exemplu
361 2655 418 2714 per
439 2637 576 2699 Galliam
599 2638 711 2700 diffuse
732 2637 813 2709 iam,
836 2636 888 2696 vel
909 2638 972 2696 cito

14 2729 206 2791 diffundenda
226 2733 263 2792 ad
286 2732 449 2808 vosipsos
470 2732 596 2809 perlata
616 2750 701 2801 esse,
719 2731 770 2790 vel
791 2730 881 2790 brevi
902 2748 974 2807 per·

15 2825 133 2886 iereudu
149 2826 277 2885 minime
292 2827 487 2887 dubitamus.
504 2829 549 2887 At
563 2845 645 2886 nunc
666 2832 699 2884 et
719 2828 756 2883 ed
780 2825 879 2902 ipsum
896 2824 976 2883 sont

17 2917 105 2980 bimus
115 2919 304 2998 Episcopum
322 2924 475 2992 vestrum,
493 2921 620 2998 eiusque
635 2917 783 2991 animum,
794 2917 970 2988 consilium,

17 3014 229 3086 constantiam,
245 3032 281 3073 ac
297 3015 480 3075 Pastoralia
494 3016 531 3074 ed
550 3015 629 3074 hunc
645 3029 711 3072 rem
731 3012 861 3089 scripta,
876 3011 974 3072 iecta-

15 3123 65 3180 que
84 3109 190 3168 omniu
209 3110 397 3186 probemus,
420 3109 606 3186 meritisque
632 3106 849 3185 prosequimur
874 3106 975 3167 laudi·

13 3198 82 3280 bug,
109 3221 281 3280 rerumque
316 3203 512 3280 agnoscimus
536 3194 701 3263 Pastorem
734 3204 894 3272 vestrum,
923 3202 973 3260 cui

15 3295 94 3355 unice
116 3298 291 3357 adhaerere
324 3315 380 3357 vos
403 3314 529 3368 omnes,
552 3295 700 3372 cuiusque
722 3313 828 3354 vocem
849 3295 971 3366 audire3

15 3386 139 3450 ulterius
161 3406 249 3462 vero,
266 3389 454 3467 quicumque
477 3406 532 3465 per
552 3388 753 3465 illegitimam
774 3387 971 3458 eiectionem,

15 3483 157 3555 pervim,
182 3500 218 3544 ac
238 3483 384 3546 fraudem
407 3481 496 3542 vobis
526 3481 730 3553 obtruditur,
753 3482 879 3544 omnino
899 3480 973 3540 reii-
