2364 4198
222 319 379 380 Ecclesiae
390 319 513 396 Capite,
523 323 555 378 et
567 321 683 380 Centro
696 319 829 379 unitatis
841 315 1154 394 communicatiouessp

223 416 430 490 hortatusque
450 417 511 486 est,
527 417 564 473 nt
584 416 621 473 de
642 433 680 473 ea
700 432 735 474 re
757 413 920 492 graviores
941 414 979 473 ad
1000 416 1102 490 Regem
1114 429 1154 470 ex·

224 507 451 585 postulationes
472 507 673 567 deferrentur
687 508 745 586 (2).
772 581 775 584 Ι

285 602 331 662 At
350 618 424 678 prae
445 602 559 662 ceteris
587 603 710 661 censuit
730 600 925 662 Pastoralem
951 600 1149 661 edendam

225 694 488 767 Instructionem,
505 712 582 771 quae
601 696 803 755 fundamenta
824 695 891 772 ipsa
909 696 1064 767 edoceret,
1077 693 1144 769 plan

227 804 287 863 que
302 789 474 864 detegeret,
487 789 598 865 quibus
609 789 767 849 Ecclesiae
782 790 899 848 nititur
909 789 1088 855 auctoritas,
1098 785 1138 844 nul

226 879 349 939 scilicet
370 879 426 940 alii
448 881 632 942 auctoritati
655 883 805 955 obnoxia,
825 883 935 959 cuique
956 881 1062 941 fideles
1079 897 1143 937 omn

226 973 349 1046 subiici,
365 991 400 1033 ac
421 983 533 1052 parere
555 980 703 1036 tenentur
717 976 775 1053 (3);
790 976 1043 1052 declaravitque,
1063 972 1107 1050 agi
1122 969 1143 1029 h'

226 1069 264 1128 de
284 1069 374 1130 Fidei
396 1070 559 1130 elementis
579 1070 786 1147 explicandis,
802 1070 839 1128 de
854 1073 1006 1147 Dogmata
1021 1068 1143 1144 superii*

170 1153 174 1166 “
226 1163 339 1222 clesiae
361 1165 550 1225 auctoritate
572 1165 757 1236 muniendo,
780 1166 876 1240 deque
897 1160 1116 1223 iurisdictionis
1129 1186 1143 1209 r·

225 1256 420 1316 clesiastieae
434 1259 611 1329 momentis,
624 1277 702 1335 quae
717 1258 805 1317 nullo
820 1261 996 1332 temporum
1012 1274 1099 1316 cursu
1111 1272 1135 1328 po

226 1352 301 1409 sunt
329 1350 490 1410 immutari
505 1350 561 1429 (4).
585 1352 650 1412 Nec
679 1351 774 1409 etiam
804 1350 1039 1422 dissimulavit,
1064 1343 1149 1409 Comi

227 1442 380 1502 tutionem
411 1442 605 1518 Unipenitns
627 1446 783 1518 tamquam
805 1441 955 1501 iudicium
977 1441 1142 1518 dogmatic-

228 1534 401 1595 habendam
424 1552 489 1594 esse
505 1535 563 1613 (5),
578 1539 672 1612 atque
694 1535 809 1594 idcirco
830 1553 886 1610 per
902 1536 1068 1594 Dioeceses
1085 1550 1144 1591 omn

227 1629 355 1706 vulgari
376 1633 520 1706 oportere
539 1629 714 1689 affirmabat
734 1627 917 1705 Encyclicas
936 1627 1129 1688 Benedictili
1148 1634 1149 1641 ’

122 1736 123 1740 ’
231 1725 281 1784 dic
304 1725 342 1784 16
363 1725 506 1785 Octobris
529 1725 607 1785 1756
628 1727 728 1797 datas,
752 1725 853 1796 iacto,
877 1723 967 1783 officii
992 1743 1098 1796 causa,
1115 1722 1170 1779 eiuz

228 1816 275 1877 rei
298 1818 432 1879 certiore
453 1820 557 1894 Rege:
580 1817 720 1878 Minime
741 1821 845 1890 enim,
869 1819 1007 1891 dicebat,
1037 1815 1159 1893 indicetis

228 1914 322 1987 repta
350 1913 546 1971 anctoritate
572 1912 615 1970 nd
640 1912 876 1987 accipendum,
901 1921 1073 1989 tamquam
1094 1912 1171 1985 repo-l

229 2008 312 2078 lam,
334 2005 368 2065 S.
384 2005 587 2081 Apostols'cue
614 2004 705 2064 Sedis
731 2009 969 2081 responsionem
994 2008 1033 2064 in
1054 2023 1087 2065 re
1103 2015 1159 2060 nm

203 2099 206 2104 ’
227 2102 399 2176 spirituali
411 2098 467 2175 (6).

285 2193 381 2265 Haeo,
396 2211 475 2268 quae
489 2193 671 2252 a'l'oloseno
682 2194 749 2251 tum
761 2193 1030 2269 proponebantur,
1044 2195 1108 2270 post
1119 2206 1157 2247 nu·

230 2288 337 2344 turum
358 2285 390 2342 in
412 2285 556 2347 comitiis
578 2286 719 2346 habitum
741 2303 889 2358 examen,
904 2287 1048 2346 unanimi
1065 2283 1156 2344 luerunt

227 2378 426 2438 consensione
452 2381 653 2455 comprobata
681 2379 738 2458 (7).
760 2380 895 2439 Proinde
930 2379 1154 2456 Archiepiscopm

229 2489 290 2532 una
310 2489 380 2530 cnm
401 2489 474 2532 suae
495 2472 725 2532 commissionis
746 2472 839 2532 sociis
860 2491 970 2532 manus
981 2473 1073 2550 operi
1087 2473 1158 2530 admo

228 2564 296 2636 vit,
319 2565 503 2642 perscriptis
531 2565 702 2641 diligenter
723 2565 962 2628 Commentariis
991 2565 1075 2643 Regi
1101 2557 1160 2621 exhi·

228 2657 337 2717 bendis
352 2656 408 2739 (8),
425 2667 458 2718 et
472 2677 533 2719 uno
555 2659 713 2750 volumine
735 2659 767 2718 in
783 2663 849 2718 tres
871 2662 976 2736 partes
991 2658 1095 2718 diviso
1107 2667 1161 2714 com·

293 2919 326 2974 (1)
344 2917 392 2965 cn.
403 2929 461 2974 pag.
475 2917 514 2962 72.
525 2913 548 2976 §.
563 2911 633 2962 Vens
649 2911 811 2962 n’tdsiterec.

293 2995 328 3047 (2)
345 2993 407 3048 rag.
419 2992 458 3037 78.
470 2989 493 3052 §.
506 2987 581 3036 Nona
598 3003 688 3037 conns.

293 3070 327 3124 (Β)
344 3070 405 3125 Peg.
418 3069 458 3114 74.
470 3065 493 3127 §.
509 3064 582 3114 cene
592 3063 773 3113 Instruction.

292 3145 329 3200 (4)
346 3145 394 3191 cm.
406 3156 463 3203 pag.
476 3144 515 3189 74.
532 3140 555 3202 §.
569 3139 643 3190 Octte
659 3138 830 3189 Instruction
846 3136 911 3186 doit.

293 3221 328 3274 (5)
346 3220 403 3265 Art.
416 3221 438 3265 5.
450 3230 507 3277 pag.
518 3218 558 3264 75.
575 3215 599 3278 §.
612 3215 654 3264 La
667 3213 861 3264 constitution.

293 3296 328 3348 (6)
345 3296 407 3351 Pag-
419 3295 457 3341 77.
475 3293 498 3355 §.
513 3290 586 3340 Getta
598 3289 780 3354 publication.

290 3372 326 3427 (l)
344 3368 439 3419 Stauce
454 3371 532 3417 XXV.
549 3382 608 3428 pag.
619 3369 659 3416 94.
676 3365 700 3428 §.
713 3365 755 3413 La
771 3362 959 3414 deliberatius.

293 3449 327 3500 (8)
345 3444 440 3494 stunce
454 3446 508 3491 XL.
525 3456 583 3502 pag.
606 3444 652 3490 124
667 3444 693 3488 et
710 3443 763 3490 mo.
781 3441 805 3504 §.
817 3437 892 3488 Nous
909 3442 1002 3499 etseq.
1019 3442 1046 3488 et
1068 3449 1120 3499 pcn-
1134 3428 1163 3478 ill

174 3541 183 3564 ο
234 3526 261 3572 ct
275 3525 329 3581 128,
346 3523 391 3570 nbi
405 3521 507 3579 legltnm
525 3517 652 3566 Mdmcire
667 3531 705 3566 cn
716 3515 778 3566 Boi.
