2500 4206
458 265 496 280 -
519 231 639 296 359-

74 344 156 414 rant‚
172 340 213 401 iis
234 343 393 419 omnibus,
408 344 462 421 qui
484 347 598 407 saltem
621 344 724 406 tribus
744 342 868 404 vicibus
883 358 975 402 unam
989 359 1029 401 ex

73 433 219 510 praefatis
234 437 382 497 Ecclesiis
396 438 619 511 visitaverint,
636 437 739 515 ibique
755 439 793 498 ad
809 440 906 498 Deum
921 453 1029 512 preces

71 529 157 590 iuxta
175 531 314 590 mentem
335 532 485 593 Nostram
505 532 662 604 fuderint,
683 533 716 591 et
737 535 864 608 peccata
885 548 940 591 sua
959 548 1030 590 con-

70 621 153 695 fessi,
176 640 213 683 ac
234 639 324 684 sacra
343 625 556 686 communione
577 625 687 686 reiecti
714 626 833 687 fuerint
854 627 885 686 in
908 643 969 686 una
990 642 1029 684 ex

69 714 105 774 iis
136 711 337 791 designandis
368 718 585 792 hebdomadis,
610 723 642 779 et
673 719 861 796 pauperibus
891 719 1028 795 aliquam

69 809 295 886 eleemosynam
317 827 373 887 pro
395 829 450 872 sua
464 813 611 890 cuiusque
626 812 746 890 pietate
760 813 976 890 erogaverint,
992 829 1027 871 ac

68 901 146 963 feria
165 907 298 979 quarta,
322 907 430 979 sexta,
453 907 487 965 et
506 908 643 968 Sabbato
664 905 895 979 ieiunaverint‚
917 905 1028 982 plena-

67 997 144 1056 riam
164 997 198 1056 in
219 998 322 1061 forma
342 1000 473 1063 Iubilaei
494 1004 692 1078 peccatorum
711 998 942 1077 indulgentiam
957 1017 1030 1058 con·

67 1092 222 1165 cedimus,
247 1095 280 1151 et
300 1093 512 1171 impertimur.

122 1186 276 1246 Monieles
297 1205 390 1262 vero,
414 1188 529 1265 aliique
552 1189 582 1247 in
605 1187 711 1264 aliqua
731 1185 954 1246 communitate
977 1186 1029 1244 de·

65 1282 175 1355 gentes
196 1297 266 1339 cum
289 1283 498 1359 praescriptas
513 1301 532 1343 a
547 1282 636 1341 vobis
651 1279 860 1342 recitaverint
873 1295 980 1356 preces
994 1279 1027 1338 in

64 1372 147 1445 loco,
173 1371 205 1430 in
227 1391 319 1449 quem
341 1375 378 1434 ad
400 1378 551 1435 orandum
573 1374 740 1434 convenire
762 1374 885 1446 solent,
908 1374 1028 1432 cetera·

65 1484 120 1542 que
150 1466 372 1542 praestiterint
400 1486 494 1547 opera
522 1486 579 1546 pro
600 1487 656 1529 sua
680 1468 829 1544 cuiusque
849 1466 1025 1539 facultate,

64 1561 192 1620 eandem
214 1559 333 1620 lucrari
354 1564 504 1638 poterunt
519 1561 771 1639 Indulgentiam,
787 1579 824 1636 ac
837 1562 863 1620 si
878 1578 971 1621 unam
985 1577 1026 1619 ex

65 1653 158 1714 dictis
180 1653 327 1714 Ecclesiis
350 1660 399 1715 ter
420 1656 635 1718 visitaverint.

123 1747 156 1806 Id
179 1747 281 1823 ipsum
301 1748 422 1824 pariter
436 1749 627 1810 intendimus
642 1750 679 1808 de
695 1747 829 1808 detentis
843 1746 876 1805 in
891 1744 1028 1807 carceri-

64 1839 138 1913 bus,
169 1841 358 1917 ergastulis,
387 1842 531 1916 arcibus,
561 1843 692 1919 aliisque
721 1839 890 1912 custodiis,
913 1856 1026 1916 eosque

64 1931 143 1991 sacri
165 1932 293 1992 huiusce
313 1935 452 1994 thesauri
468 1937 506 1994 ad
521 1953 646 1996 suarum
662 1936 836 1995 animarum
851 1933 1026 2012 proiectum

63 2024 233 2102 participes
254 2025 324 2085 fleri
347 2027 502 2087 volumus.

122 2118 280 2179 Similiter
307 2120 359 2196 qui
387 2121 569 2181 valetudine
593 2122 700 2198 aliqua
720 2120 863 2200 impediti
883 2119 1024 2192 fuerint,

63 2213 113 2271 vel
136 2212 201 2273 alia
215 2213 359 2290 legitima
373 2233 483 2287 causa,
500 2215 526 2274 si
542 2216 665 2276 easdam
681 2233 788 2292 preces
804 2213 1024 2286 recitaverint,

62 2307 112 2366 vel
128 2306 192 2367 alia
206 2307 424 2383 praestiterint
439 2326 552 2385 opera,
569 2308 714 2386 precibus
729 2309 822 2384 ipsis,
839 2311 877 2368 ad
893 2324 1025 2384 quarum

62 2398 282 2459 recitationem
303 2400 437 2477 impotes
451 2405 564 2474 erunt,
580 2419 637 2479 per
651 2399 925 2461 commutationem
940 2400 1027 2460 arbi·

63 2492 127 2551 trio
148 2492 331 2553 confessarii
353 2494 545 2567 substituta,
569 2496 675 2554 eadem
696 2494 793 2572 potiri
814 2511 900 2571 posse
921 2494 1027 2554 Indul-

63 2586 172 2662 gentia
192 2589 400 2647 concedimus.

120 2681 250 2739 Domum
282 2700 320 2740 no
347 2682 404 2740 hoc
436 2681 597 2760 spirituali
624 2681 774 2740 beneficio
796 2681 945 2752 careant,
968 2679 1022 2756 qui

62 2772 262 2850 pastoritiam
284 2777 384 2834 artem
407 2777 574 2846 exercent,
590 2791 660 2832 cum
675 2774 736 2851 ipsi
752 2777 907 2851 nequeant
920 2792 939 2834 a
953 2790 1025 2834 suo-

61 2882 130 2926 rum
153 2882 282 2943 gregum
304 2866 462 2939 custodia,
486 2865 545 2925 nisi
568 2865 728 2940 breviter,
751 2884 787 2926 aa
808 2866 917 2927 divisis
939 2866 1025 2926 inter

61 2979 92 3020 se
113 2958 236 3019 vicibus
262 2958 440 3033 discedere,
464 2959 581 3018 eisdem
609 2959 706 3019 etiam
727 2961 890 3020 consulere
913 2960 1024 3020 volen-

61 3057 120 3124 tes,
136 3055 352 3129 permutamus
367 3053 444 3130 ipsis
459 3053 637 3132 designatas
648 3053 803 3114 Ecclesias
817 3054 849 3114 in
866 3053 1025 3114 uuiusEc-

60 3146 175 3207 clesiae
190 3146 422 3223 propinquioris
437 3147 665 3222 visitationem,
679 3149 717 3208 ab
733 3167 913 3225 unoquoque
928 3148 1024 3208 semel

60 3237 252 3310 taciendam,
279 3242 315 3298 ut
335 3238 401 3312 ita,
423 3239 450 3298 si
468 3256 528 3302 ,sua
548 3245 677 3318 peccata
697 3240 850 3314 confessi,
865 3239 1026 3302 sanctissi-

60 3349 129 3392 mae
153 3330 375 3392 Eucharistiae
401 3323 638 3392 Sacramentum
667 3335 779 3394 devote
806 3332 1023 3411 susceperint,

61 3425 264 3502 praemissam
285 3424 518 3502 indulgentiam
538 3427 684 3504 consequi
709 3428 847 3490 valeant.

121 3520 225 3595 Atque
246 3519 305 3578 hae
327 3517 412 3596 ipsae
433 3518 651 3597 Indulgentiae
665 3538 722 3598 per
736 3522 859 3582 modum
881 3520 1023 3600 suffragii
