2364 4198
226 313 323 374 etiam
346 315 376 373 in
399 314 501 374 causis
522 313 713 388 solemnium
729 315 885 373 Votorum
901 314 1064 373 immiscere
1076 333 1102 373 se
1113 332 1151 371 ao·

226 407 366 466 dentium
383 406 439 483 (l).
456 408 520 468 Nec
534 406 637 465 minus
655 405 774 466 acriter
787 409 939 468 adversus
952 405 1151 467 Ordinationen

226 501 371 558 invectus
391 501 441 558 est
462 499 501 558 ab
521 499 674 576 Episcopo
687 500 899 560 Bethlemensi
921 499 1152 560 iactaminllioe

225 597 288 656 cesi
307 596 593 669 Autissiodorensi‚
609 598 724 675 absque
752 599 872 675 proprii
894 616 932 660 ac
957 597 1084 675 legitimi
1101 597 1152 673 llpi·

226 691 311 768 scopi
334 691 426 751 venia
439 691 498 768 (2);
512 696 628 752 etcum
650 695 732 752 esset
756 692 886 769 denique
900 692 972 752 aliis
984 691 1106 768 Oollegis
1116 691 1152 749 ad·

226 787 370 857 iunctus,
387 803 498 844 novam
513 803 607 862 super
627 786 852 847 incredulitate
866 785 1103 846 lucubrationem
1115 799 1152 860 per

225 878 346 940 Gallias
367 881 518 940 edendam
539 880 666 940 curavit
680 875 737 959 (3).

285 975 473 1034 Laudabiles
494 977 616 1034 demum
639 975 737 1052 ipsius
758 993 866 1035 sensus
882 975 1015 1035 fuerunt
1032 975 1063 1034 in
1081 971 1153 1036 Goni-

225 1068 280 1129 tiis
301 1070 375 1130 anni
398 1071 488 1142 1772,
505 1070 558 1129 ubi
578 1069 783 1130 domitianum
803 1070 943 1146 ipsorum
964 1071 1091 1141 nomine,
1109 1084 1154 1126 om·

225 1163 343 1223 tionem
359 1164 470 1223 habuit
483 1165 520 1224 ad
537 1166 668 1241 Regem,
683 1164 715 1224 in
730 1181 791 1240 qua
803 1164 1052 1236 demonstravit,
1069 1167 1151 1240 quana

225 1275 302 1316 cura
317 1275 384 1317 esse
398 1256 510 1316 debeat
523 1257 615 1318 Olero
630 1275 667 1316 ea
680 1257 761 1318 bona
774 1274 974 1330 conservare,
986 1258 1025 1316 ad
1040 1276 1070 1316 se
1082 1257 1147 1332 ipsm

224 1350 370 1409 alendum
382 1367 418 1408 ac
432 1351 668 1408 sustentandum
683 1353 876 1420 consecrata,
889 1353 925 1408 ut
936 1349 1036 1425 possit
1049 1349 1145 1424 indiga·
1165 1353 1167 1428 J

224 1443 289 1503 tiae
310 1461 430 1520 quoque
451 1443 636 1518 populorum
657 1459 821 1502 occurrere
833 1441 890 1522 (4);
906 1445 1082 1520 Regemque
1094 1457 1148 1518 pne

225 1536 378 1596 monitum
405 1536 509 1597 voluit
535 1539 572 1596 de
593 1535 743 1609 consilio,
765 1536 853 1613 qnod
880 1537 1009 1596 militia
1028 1535 1152 1614 pancas

224 1631 407 1706 spectabilis
427 1631 574 1708 quidem,
591 1631 645 1690 sed
668 1639 830 1690 entrance
845 1630 884 1688 ab
898 1628 1048 1689 Ecclesia
1061 1628 1098 1705 (5)
1109 1645 1168 1702 snt-3

225 1725 329 1799 cipere
342 1739 497 1800 amqaanc
512 1730 702 1782 attentasset
716 1725 787 1782 iare
801 1721 942 1800 qaudam
956 1739 1015 1782 sao
1027 1724 1087 1780 ista
1098 1721 1153 1778 tona

224 1816 405 1891 occupandi
425 1814 482 1892 (6).
506 1813 770 1874 Commemoravit
790 1832 911 1890 quoque
939 1813 1034 1892 Regi,
1054 1815 1088 1872 in
1109 1813 1155 1870 eius

224 1909 359 1968 Ditione
379 1909 564 1983 Religionis
584 1909 693 1978 rodar,
710 1923 748 1966 ac
768 1924 883 1966 nervos
911 1908 1077 1980 imminui,
1090 1912 1115 1965 et
1129 1919 1154 1962 ea

225 2003 367 2062 eiusdem
387 2002 730 2076 debilitatepaalotim
751 2018 789 2060 ac
810 2002 930 2061 sensim
951 2002 1154 2076 eorreptionem

224 2112 369 2167 moram,
386 2097 577 2171 opinionum
588 2095 804 2169 pravitatem,
830 2095 1042 2172 omniumque
1054 2089 1155 2168 Imperii

224 2191 431 2248 vinculorum
451 2189 691 2250 relatiotionem
705 2188 822 2247 induci
835 2185 892 2266 (7).
909 2187 968 2246 His
982 2191 1086 2249 autem
1097 2197 1155 2260 pne

223 2281 316 2340 iectis
337 2281 449 2358 petiit,
473 2285 509 2340 nt
529 2279 630 2357 Regia
645 2281 837 2342 auctoritate
851 2281 1035 2341 muniretur
1048 2275 1150 2352 Religiti

224 2376 422 2453 Religionem
437 2375 520 2435 enim
535 2375 641 2435 aiebat
655 2393 722 2434 csse
735 2374 1148 2454 firmissimamlmpcriora

223 2470 488 2548 fondamentum,
505 2476 536 2527 et
557 2469 775 2528 arctissimam
788 2469 893 2528 aelati
906 2483 1043 2538 neceam,
1058 2481 1112 2542 qao
1120 2473 1170 2568 pap

220 2565 297 2640 pali
316 2563 495 2622 obedientes
515 2579 572 2620 sao
591 2561 754 2637 Principi·
767 2562 970 2637 colligantur
992 2558 1050 2639 (8).
1166 2571 1170 2660 4

283 2661 332 2720 Ab
354 2661 410 2720 hac
431 2659 560 2736 egregia
580 2657 736 2718 sentiendi
757 2658 871 2718 semita
898 2659 1062 2718 divertere
1085 2647 1170 2758 coepilp'

224 2753 411 2826 Lomenias,
435 2753 488 2812 ubi
509 2752 612 2830 Regia
631 2753 757 2813 favente
778 2752 861 2813 Aula
875 2753 913 2810 ad
928 2752 1042 2811 Sedem
1060 2745 1170 2810 Acriis*

224 2847 413 2924 piscopalem
427 2847 635 2905 Senonensem
650 2845 826 2905 translatus
845 2846 979 2904 honores
1001 2840 1110 2905 saeculi
1125 2835 1156 2895 ul·

289 2985 325 3036 (1)
342 2979 439 3030 Stance
455 2981 590 3028 CLXVIII.
601 2993 660 3039 pag.
672 2982 727 3028 113.
739 2979 764 3039 S,
775 2978 859 3028 Noas.
872 2999 874 3006 ·
1030 3015 1034 3022 .
1166 3001 1170 3060 Ι

287 3059 322 3111 (2)
340 3055 436 3104 Stance
452 3057 564 3104 OLXIII.
581 3068 640 3115 pag.
652 3057 707 3103 591.
723 3057 749 3114 Β.
761 3053 965 3115 Manteionear.
993 3092 996 3098 .

287 3133 323 3185 (8)
339 3130 434 3179 Sdance
450 3133 572 3180 CXLVII.
590 3146 649 3191 pag.
659 3133 716 3180 488.
727 3136 752 3178 et
768 3145 820 3192 seq.
839 3129 864 3187 S.
875 3129 950 3180 Noas
968 3146 1028 3181 oum
1043 3145 1092 3190 seq.

288 3209 322 3265 (4)
338 3207 431 3255 Preces
441 3207 537 3256 vernol
547 3206 578 3254 de
587 3207 687 3257 l’annte
701 3211 772 3258 1772.
784 3207 882 3258 Stante
891 3210 922 3256 V.
935 3222 961 3269 p.
974 3210 1016 3257 tt.
1029 3203 1170 3263 11011111

286 3287 322 3339 (5)
340 3285 442 3332 Scilicet
458 3285 630 3332 Parlamentc.
1167 3311 1170 3362 p

288 3364 323 3416 (6)
340 3364 400 3408 Loc.
413 3363 456 3409 011.
474 3374 531 3420 pag.
544 3363 583 3408 85.
599 3361 622 3418 fl.
634 3358 705 3408 Maia
716 3360 749 3409 si.
1165 3389 1170 3442 4

286 3439 321 3492 (I)
340 3437 388 3485 cic.
399 3449 457 3496 pag.
468 3437 508 3483 85.
526 3439 550 3495 fl.
567 3433 599 3484 Il
615 3442 661 3483 est.
1169 3449 1170 3452 ’

288 3515 322 3568 (8)
340 3513 387 3561 cit.
398 3525 457 3571 pag.
469 3513 508 3559 85.
524 3509 547 3564 tt.
560 3508 645 3572 Noas,
662 3515 688 3560 et
704 3525 759 3571 reqs

1168 3565 1170 3654 l
