2498 4200
35 328 176 392 tissima
204 329 414 407 Imperatrix,
444 331 532 391 cuius
560 335 724 410 perspecta
750 331 836 392 nobis
863 327 953 406 erat,
984 347 1028 396 ac·

35 441 141 500 saepe
163 423 265 483 etiam
293 425 426 500 experta
454 441 574 484 summa
594 426 737 503 aequitas
752 444 794 487 'ac
815 427 1028 504 magnitudo,

35 519 144 593 atque
170 514 293 576 idcirco
321 516 506 592 quantocius
527 517 565 578 ad
578 525 620 578 ¹te
641 519 808 596 pervenire
833 521 1020 581 memoriam

36 608 137 670 illam
162 625 223 685 per
244 608 394 669 dilectum
415 608 532 670 Filium
554 610 678 672 Santiui
699 599 949 686 curarimus‚=ut
963 631 1020 673 ex-

33 702 150 763 citata
172 703 208 761 in
232 705 282 776 te,
298 702 336 762 cb
357 702 455 764 latam
481 705 663 781 tantamque
691 704 858 780 iniuriam,
874 706 1020 784 indigna·

36 794 154 870 mnne,
174 794 320 856 dolorem
335 799 479 856 nostrum
500 796 697 874 aliquantum
719 797 940 860 minueremus.
960 801 1020 860 Ve-

35 908 113 951 rum
149 907 215 948 non
244 890 342 950 solum
364 890 487 968 decepti
508 891 566 952 hac
594 891 626 950 in
649 909 702 968 spe
732 910 790 951 non
820 909 943 966 sumus,
966 891 1019 954 sed

35 980 324 1060 exspectationem
339 985 489 1044 Nostram
500 1001 621 1044 omnem
634 985 714 1046 vicit
727 985 949 1046 humanissime
964 1003 1019 1045 no-

36 1077 170 1136 biscum
194 1076 442 1137 communicatus
463 1077 580 1137 excelsi
603 1076 705 1138 animi
733 1079 781 1142 tui
809 1096 935 1152 sensus,
959 1096 1018 1156 quo

35 1178 71 1231 et
92 1170 248 1246 iniquam
270 1168 358 1230 illam
380 1171 538 1230 aversaris
560 1171 808 1248 usurpationem,
835 1175 868 1232 et
891 1175 1017 1245 nostro,

37 1283 97 1342 pro
123 1268 188 1324 tua
211 1262 366 1340 singulari
394 1264 671 1341 magnanimitate,
697 1267 820 1340 dolore,
835 1266 1019 1342 iacturaque

37 1357 203 1431 afficeris,
227 1357 368 1433 quodque
396 1358 529 1418 maxime
550 1361 614 1420 Nos
643 1361 674 1419 in
703 1360 751 1420 tui
778 1359 1019 1421 admirationem

39 1453 147 1530 rapit,
165 1450 278 1511 studia
300 1451 397 1512 etiam
418 1455 475 1511 tua
495 1452 582 1512 nobis
604 1453 843 1529 generosissime
863 1453 1017 1528 declaras,

37 1546 160 1622 quibus
183 1544 401 1618 inflammaris,
418 1549 454 1604 ut
474 1554 625 1622 quantum
646 1545 678 1605 in
701 1549 733 1606 te
754 1550 821 1621 est,
844 1553 877 1607 et
902 1545 1019 1608 iniuria

41 1640 97 1700 illa
124 1637 220 1697 nobis
243 1644 422 1715 reparetur,
437 1642 470 1698 et
485 1640 644 1700 damnum.
660 1642 762 1717 Atque
776 1641 858 1699 hunc
879 1641 1018 1702 animum

41 1737 137 1792 tuum
153 1730 233 1790 aliie
246 1731 346 1792 auam
360 1731 457 1808 regiis
473 1733 553 1792 aulis
568 1733 765 1793 innotescere
778 1733 920 1810 voluisti,
937 1735 1018 1795 unde

41 1825 245 1886 iustissimae
267 1824 598 1904 praeclarissimaeque
620 1827 713 1886 huius
741 1827 916 1888 voluntatis
945 1832 1017 1889 tuae

40 1918 129 1979 fama
152 1919 195 1978 ad
216 1935 267 1976 cos
289 1918 404 1977 iterum
426 1918 603 1997 iterumque
624 1921 808 1981 resultaret.
831 1921 1017 1981 Incredibile

41 2017 111 2086 est,
139 2009 355 2070 invictissima
368 2012 582 2088 Dominatrix,
599 2018 791 2092 quantopere
812 2015 948 2076 recreati
968 2032 1019 2076 su·

43 2125 112 2166 mus
146 2102 385 2164 iucundissimis
421 2105 505 2165 hisce
533 2107 666 2168 eximiae
695 2108 916 2170 declarationis
944 2113 1018 2168 tuae

48 2197 192 2270 nunciis,
208 2198 418 2274 quantamque
440 2198 500 2257 tibi
515 2205 681 2277 propterea
703 2195 872 2262 habendam
889 2199 1018 2263 aNobis

37 2295 201 2358 ¹ducamus
222 2290 369 2376 gratiam.
392 2291 562 2356 Oontinere
584 2293 792 2370 igitur—iutra
813 2313 868 2356 nos
890 2314 949 2354 nou
965 2313 1018 2372 po-

43 2389 169 2448 tuimus
192 2383 283 2441 hosce
304 2401 381 2462 erga
402 2385 598 2446 Maiestatem
613 2389 712 2447 Tuam
734 2389 855 2448 debitos
874 2388 1018 2449 luculen-

42 2482 190 2542 tissimos
210 2493 330 2548 sensus,
352 2481 426 2554 quin
446 2481 569 2540 eosdem
591 2480 651 2540 tibi
672 2499 728 2558 per
744 2483 883 2544 'Nostrae
903 2483 1016 2542 saltem

42 2575 264 2656 significemus
293 2574 432 2638 litteras.
461 2575 534 2636 Sine
562 2575 680 2652 igitur,
701 2582 744 2636 nt
772 2578 829 2638 hoc
859 2581 890 2637 te
919 2578 1016 2637 officio

43 2675 215 2742 adeamus,
233 2676 324 2749 teque
338 2671 550 2741 obsecremus,
567 2673 708 2745 utquam
724 2670 899 2747 gratiarum
915 2671 1017 2731 actio-

45 2785 118 2827 nem
142 2765 351 2841 suscepimus,
370 2783 467 2841 neque
480 2763 568 2823 satis
582 2763 704 2841 assequi
725 2764 831 2824 verbis
845 2783 1015 2842 possumus,

42 2861 181 2920 eandem
213 2859 281 2934 ipsa
308 2867 364 2919 tua
393 2857 588 2933 benignitate
617 2856 755 2932 excipias
784 2873 819 2916 ac
848 2858 1015 2932 sustollas,

45 2955 178 3029 Nosque
199 2951 288 3011 nullo
310 2969 369 3010 non
386 2955 528 3027 tempore
549 2965 701 3008 memores
723 2952 885 3010 tantorum
907 2950 938 3009 in
953 2951 1022 3013 Nos

45 3049 238 3109 meritorum
260 3048 385 3107 iutn'ros
406 3047 589 3119 existimes,
619 3046 730 3123 quibus
763 3065 844 3106 nuno
865 3047 911 3108 ita
935 3048 1019 3106 inni-

45 3142 164 3214 timur,
191 3142 228 3199 ut
258 3140 393 3200 maxime
417 3141 630 3223 confidamus,
656 3140 683 3199 si
705 3139 879 3199 coniunctis
900 3140 1019 3201 multo-

45 3251 119 3294 rum
143 3232 321 3310 principum
344 3233 468 3293 viribus
489 3235 583 3309 atque
604 3231 713 3308 opibus
727 3234 925 3293 contumaces
945 3231 1027 3292 con?

46 3331 166 3387 vontus
187 3326 301 3386 Gallici
323 3327 459 3404 spiritus
480 3327 604 3385 omnino
626 3324 849 3398 retundantur,
872 3340 1018 3402 regnum·

45 3439 107 3497 qne
129 3419 212 3478 illud
233 3421 271 3480 ed
287 3418 426 3496 pristina
447 3419 517 3480 iura
539 3420 733 3490 revertatur,
749 3417 816 3477 iore
839 3420 954 3480 utNos
968 3424 1017 3480 et—

48 3513 111 3573 iam
134 3515 260 3572 nostras
273 3510 345 3572 illas
367 3512 462 3572 simus
477 3509 655 3588 provinciae
676 3527 732 3588 per
746 3513 832 3572 tuam
851 3507 1026 3590 praecipue-
