2514 4198
92 362 188 421 Nunc
217 358 455 436 procedentibus
484 361 523 419 ad
552 376 682 421 examen
711 363 849 440 capitum
878 365 1006 426 Decroti

34 455 221 517 Conventus
241 451 432 525 Natioualis,
456 453 644 530 gravissima
664 471 730 516 sese
755 457 850 519 offert
863 473 1007 536 suppres-

35 550 78 608 sio
93 547 303 625 antiquarum
318 546 627 623 Metropolium,«nec
643 566 701 608 nou
724 555 757 611 et
778 554 1005 614 nonnullorum

36 643 297 720 Episcopatuum,
314 639 508 718 aliorumque
529 657 570 700 ex
591 642 655 701 suis
673 642 800 718 divisio,
816 645 951 707 aliorum
967 649 1004 708 do

34 739 160 814 integro
185 733 320 795 erectio.
342 734 410 801 Qua
432 733 469 794 de
491 751 526 794 re
546 753 608 794 non
629 735 681 796 hic
702 737 739 796 ad
762 738 910 800 criticum
930 759 1007 803 exa·

34 847 99 888 men
121 845 283 888 revocare
305 825 497 886 intendimus
512 826 604 900 illud,
620 829 714 908 quod,
730 847 790 889 non
811 831 878 891 siue
899 833 1005 911 aliqua

38 920 256 995 dubitatione,
278 917 462 981 retulerunt
482 919 644 995 historici,
667 939 761 999 super
783 925 885 984 veteri
907 925 1006 987 Galli·

42 1033 141 1075 carum
164 1013 407 1093 provinciarum
427 1011 518 1072 civili
532 1012 601 1072 inre
616 1014 909 1078 administraturum
926 1020 1006 1080 diri-

42 1109 138 1182 sione,
167 1125 211 1168 ex
236 1121 299 1184 qua
319 1106 438 1165 inferre
466 1121 625 1184 possemus
648 1127 718 1168 cum
743 1109 881 1188 eisdem,
907 1135 1004 1194 neque

42 1205 190 1280 tompore,
208 1217 316 1282 neque·
332 1199 400 1259 loco
421 1197 658 1260 Ecclesiasticus
679 1203 869 1279 Metropoles
891 1224 1006 1268 conre-

43 1296 134 1370 uisse3
157 1299 197 1355 at
218 1311 278 1371 pro
292 1309 354 1366 re,
377 1295 414 1352 de
435 1311 496 1370 qua
524 1311 605 1352 nunc
630 1294 756 1372 agitur,
780 1298 858 1358 satis
884 1304 952 1375 est,
978 1303 1005 1362 si

45 1389 218 1462 innuamus,
235 1405 276 1448 ex
290 1384 446 1447 divisione
466 1387 690 1465 Metropolium
704 1391 741 1448 ad
757 1390 1004 1456 iurisdictionem

47 1483 159 1544 ciuilem
184 1469 450 1554 constitutarum,
473 1499 665 1558 nequaquam
685 1501 831 1544 emanare
853 1488 1006 1550 Ecclesia·

54 1577 113 1637 stici
130 1573 309 1638 ministerii
331 1574 445 1651 spatia,
468 1577 504 1634 ut
525 1591 565 1634 ex
585 1574 685 1636 allata
706 1581 795 1653 patet
814 1596 834 1638 a
854 1581 887 1640 S.
911 1583 1006 1641 inno·

52 1673 136 1732 centio
157 1674 186 1732 1.
212 1667 339 1730 ratione
360 1666 426 1744 (l):
451 1668 564 1729 «Nam
590 1669 669 1744 quod
698 1668 868 1732 sciscitaris
897 1677 1003 1734 utrum
1039 1703 1042 1720 ι

50 1764 179 1828 »divisis
204 1760 376 1839 Imperiali
397 1759 512 1821 iudicio
533 1761 718 1839 provinciis,
741 1767 778 1823 nt
798 1766 877 1824 duae
890 1768 1006 1826 Metro-

46 1862 158 1939 ›poles
181 1859 278 1929 fiant,
302 1853 347 1913 sie
367 1855 426 1914 duo
446 1854 686 1933 Metropolitani
708 1855 854 1935 Episcopi
873 1859 1007 1921 debeant

47 1952 249 2025 nominari,
272 1969 332 2010 non
358 1967 434 2027 ergo
463 1949 567 2009 visum
588 1951 639 2010 est
660 1951 696 2010 ad
721 1950 929 2013 mobilitatem
954 1971 1006 2014 ne·

51 2048 262 2108 ›cessitatum
287 2030 514 2103 mundanarum
535 2043 591 2102 Dei
612 2044 781 2105 Ecclesiam
805 2049 1004 2122 commutari,

52 2143 271 2215 »honoresque
298 2138 356 2199 aut
381 2134 552 2196 divisiones
580 2138 723 2214 perpeti,
752 2158 829 2216 quas
857 2159 913 2218 pro
940 2142 1006 2203 suis

49 2236 169 2296 »causis
194 2232 357 2292 faciendas
378 2231 507 2291 duxerit
528 2233 714 2308 Imperator.
730 2236 815 2310 Ergo
837 2238 1005 2298 secundum

49 2327 249 2404 »pristinum
268 2323 501 2402 provinciarum
517 2341 648 2398 morem,
661 2326 923 2402 Metropolitanus
935 2333 1007 2408 Epi-

49 2437 180 2501 ›scopos
208 2417 361 2479 convenit
388 2417 557 2476 numerari.
578 2433 597 2476 r
618 2417 803 2479 Huiusmodi
831 2422 1006 2498 Epistulam

50 2531 81 2573 ex
99 2513 195 2592 praxi
210 2510 368 2573 Ecclesiae
383 2509 565 2571 Gallicanae
586 2510 759 2588 praeclaris
779 2511 925 2574 illustrat
938 2533 1005 2575 mo-

53 2607 201 2668 numentis
224 2605 341 2664 Petrus
362 2605 399 2663 de
420 2605 540 2678 Manca,
562 2622 579 2662 e
600 2621 660 2680 quo
683 2609 732 2664 sat
752 2604 816 2664 erit
836 2623 934 2682 pauca
952 2627 1007 2667 ex·

52 2703 177 2763 scribere
189 2693 290 2759 rerb'a
304 2696 360 2776 (2).
377 2695 569 2758 «Gallicana
582 2697 723 2758 Ecclesia
737 2697 770 2756 in
795 2701 925 2758 eandem
939 2719 1008 2760 sen·

51 2796 209 2856 ›tontiam
223 2809 294 2852 cnm
309 2793 434 2869 Synodo
445 2789 699 2863 Chalcedonensi,
715 2796 749 2850 et
762 2793 937 2853 iunocentii
949 2797 1008 2855 De-

53 2893 161 2949 ›croto
183 2884 393 2963 conspiravit,
409 2883 595 2962 putavitque
617 2884 704 2944 nefas
726 2902 792 2944 esse
813 2888 936 2962 Regum
950 2886 1008 2948 im·

56 2984 162 3060 »perio
183 2981 395 3058 Episcopatus
410 2996 506 3038 novos
520 2977 660 3052 institui,
672 2981 732 3038 etc.
749 2980 851 3046 Quare
866 2999 928 3040 uon
943 2984 1005 3057 est,

56 3076 152 3152 »quod
174 3095 194 3136 a
216 3071 373 3134 communi
390 3071 577 3132 universalis
589 3071 747 3132 Ecclesiae
769 3091 860 3133 sensu
883 3074 1006 3135 receda-

57 3184 145 3229 ›mns
158 3168 254 3228 foeda
268 3166 301 3226 iu
312 3165 476 3243 Principes
488 3163 679 3237 adulatione,
693 3169 729 3224 ut
739 3166 875 3244 contigit
885 3169 1007 3228 Marco-

57 3259 215 3322 ›Antonio
230 3258 268 3318 de
282 3257 433 3333 Dominis,
449 3257 501 3335 qui
515 3257 758 3336 Episcopatuum
773 3260 1005 3322 institutionem

109 3411 141 3464 (1)
157 3407 240 3467 Epist.
253 3407 346 3463 XXIV,
368 3405 401 3455 ad
416 3405 591 3455 maenum
605 3407 725 3454 Antiooh.
737 3419 792 3468 cap.
803 3409 837 3465 Π,
860 3406 927 3466 apud
947 3409 1007 3458 Gou-

61 3483 194 3617 moilla
201 3485 334 3609 agincort
347 3559 476 3610 sacerdot.
493 3561 520 3607 et
535 3562 626 3619 imper.
644 3559 689 3606 lib.
701 3561 736 3617 Π,
748 3571 804 3620 oap.
816 3560 861 3616 IX,
872 3571 899 3607 u.
911 3559 936 3606 4.
946 3559 972 3606 et
981 3560 1005 3606 t.

890 3646 907 3680 a
