2386 4194
29 341 167 401 rabilibus
187 341 362 403 Fratribus
382 342 655 420 archiepiscopis,
678 350 710 402 et
730 335 912 420 Episcopatu,
936 359 975 404 ac

28 435 137 495 dilectis
145 438 229 516 filiis
251 434 425 514 Capitalis,
443 440 536 510 clero,
553 445 585 497 et
594 439 714 514 populo
727 441 826 515 repar·
849 435 977 498 Gallia·

27 543 235 606 rcmrquarum
257 529 419 607 complura
431 530 577 607 exempla
590 529 660 592 ideo
671 532 710 590 ad
726 532 791 592 Vos
802 530 974 605 mittimus,

26 639 83 682 ren.
96 623 238 697 Fratres,
255 623 354 685 uthis
371 623 479 685 iuncta
492 623 614 685 litteris
628 625 665 685 ad
682 643 791 685 manus
806 625 976 685 deferenda

26 716 126 776 curetis
136 717 370 795 capitulorum,
382 717 473 791 cleri,
486 735 522 778 ac
533 718 719 796 populorum
733 718 826 780 iatius
837 720 974 781 Nostrae

25 810 147 872 ditionis.

70 906 250 983 Apostolica
270 906 343 965 hinc
364 907 484 969 Nostra
504 906 912 977 auctoritate‚declaramus
931 907 976 967 ir·

24 997 97 1071 ritas,
118 997 319 1077 illegitimos,
332 1001 367 1058 et
388 999 558 1077 sacrilegos
578 1007 669 1059 actara
689 1016 807 1073 omnes,
822 1017 974 1077 quocum-

24 1107 68 1166 que
78 1093 214 1165 demum,
228 1090 350 1152 nomine
362 1094 430 1151 tum
448 1092 619 1154 Acaaioaa
634 1096 701 1152 tunn
713 1089 972 1170 Carpaatcrccti,

24 1187 74 1243 tum
95 1187 179 1246 alibi
188 1185 265 1246 facti
280 1185 347 1246 sint
360 1185 398 1246 ad
413 1185 659 1264 amplectendam
686 1185 974 1264 exsequendamque

24 1285 73 1338 tan
92 1279 213 1352 tacite,
235 1295 327 1356 quam
349 1294 495 1356 expresse
517 1278 644 1338 civilem
665 1277 743 1338 cleri
765 1279 974 1340 Constitutio-

24 1389 77 1430 nem
90 1373 287 1447 nniversam,
302 1373 370 1433 sive
392 1372 460 1433 eius
475 1373 692 1434 tantummodo
707 1376 841 1450 partemt
859 1373 974 1450 hosque

26 1473 92 1527 actus
112 1484 236 1542 omnes,
258 1484 336 1545 quos
353 1484 415 1544 pro
436 1469 597 1545 cupressis
616 1467 726 1529 haberi
748 1468 901 1540 volumus,
922 1469 976 1528 da·

29 1577 158 1635 nnsmus,
183 1559 401 1634 rescindimus,
424 1565 518 1638 atque
538 1561 708 1622 abolemus.

71 1655 167 1732 Super
180 1654 286 1714 omnia
300 1649 519 1724 rescindimus,
532 1658 625 1732 atque
646 1654 804 1716 abolemus
831 1655 973 1715 edictam

30 1745 76 1806 lici
89 1750 110 1806 8
124 1749 265 1810 catomis
291 1745 387 1820 1790,
411 1765 471 1824 qno
493 1748 660 1807 consilium
681 1746 871 1826 municipale
891 1748 975 1806 Ave-

27 1837 114 1914 nionis,
131 1859 198 1901 non
220 1841 323 1900 minus
343 1843 464 1901 tamma
485 1859 577 1917 quam
598 1840 706 1918 impie,
728 1858 837 1901 ausum
858 1842 909 1900 est
922 1857 975 1898 co·

26 1947 80 2006 gere
99 1952 174 1994 ren.
191 1935 337 1994 Fratrem
353 1934 628 2011 archiepiscopum
644 1933 732 1994 illius
753 1933 908 2005 civitatis,
924 1949 974 1992 ca·

27 2027 141 2102 uuicos,
166 2028 333 2104 parochos,
350 2028 488 2104 aliosque
510 2025 674 2087 ministros
695 2025 919 2088 ecclesiasticos
933 2026 971 2086 ad

30 2135 51 2178 se
65 2124 159 2184 eirico
183 2122 400 2182 iureiurando
421 2122 675 2200 obstringendos,
687 2123 846 2183 catholico
861 2121 972 2199 quovis

26 2212 126 2275 bonine
150 2231 281 2293 prorsus
303 2215 445 2293 indigum
465 2218 552 2277 edita
573 2217 797 2289 declaratione,
820 2220 857 2276 ut
877 2215 972 2276 Sedes

23 2306 295 2386 archiepiscopalis,
309 2312 345 2368 ut
359 2310 538 2386 parochiae,
555 2316 653 2386 utque
666 2310 731 2370 alia
753 2309 854 2370 officia
868 2309 974 2369 omnia

19 2415 66 2472 pro
86 2404 284 2464 vacantibus
305 2403 510 2475 haberentur,
526 2404 585 2463 nisi
607 2408 838 2464 sacramentum
860 2403 974 2464 huius-

20 2496 88 2556 modi
102 2497 296 2569 deferretur3
312 2498 454 2558 edictam
475 2501 644 2576 propterea
658 2499 800 2573 irritum,
815 2501 910 2576 atque
924 2515 973 2558 sa·

19 2589 174 2668 crilegum,
186 2593 297 2667 suapte
319 2594 436 2652 natura
449 2591 594 2652 idoneum
609 2593 771 2654 schismati
784 2594 969 2653 invehendo.

69 2687 174 2761 Aeque
195 2686 389 2756 damnamus,
412 2690 507 2764 atque
522 2687 681 2748 abolemus
700 2689 888 2748 electionem
902 2685 974 2745 lla·

21 2781 98 2842 licrr'i
116 2787 155 2844 ia
175 2779 342 2844 Vitorium
364 2781 598 2862 capitularem,
612 2804 679 2846 eam
702 2785 898 2846 declarantes
912 2785 972 2844 im·

21 2873 109 2948 piam,
133 2875 325 2949 violentam,
347 2877 497 2950 irritam,
520 2879 614 2954 atque
635 2877 839 2956 sacrilegam,
863 2881 971 2955 utpote

23 2983 85 3039 quac
105 2969 267 3047 incognita
286 2987 414 3046 prorsus
435 2975 484 3031 est
505 2971 536 3029 in
558 2970 698 3032 Ecclesia
711 2972 780 3044 Dei3
802 2989 871 3032 cum
894 2971 970 3031 vivo

21 3060 107 3122 adhuc
126 3063 252 3123 Pastori
273 3063 417 3140 legitimo
436 3063 530 3124 adimi
552 3065 692 3142 regimen
715 3083 841 3125 suarum
863 3065 970 3126 ovium

20 3159 141 3231 nequeat
155 3157 217 3217 nisi
237 3174 277 3216 ex
297 3157 400 3218 causis
420 3157 590 3232 canonicis,
606 3160 645 3220 ab
666 3159 735 3238 ipsa
748 3159 900 3233 Ecclesia,
915 3161 972 3220 aut

18 3246 50 3304 ab
70 3249 124 3310 hac
145 3251 261 3310 Sancta
275 3251 367 3324 Sedc3
387 3254 421 3310 et
442 3255 550 3328 utpote
564 3269 643 3329 quae
658 3253 841 3314 necessariis
862 3254 973 3315 suffra·

19 3339 71 3414 p'is
91 3342 295 3415 destituitur,
317 3347 351 3403 et
371 3344 454 3403 omni
477 3349 566 3406 caret
593 3345 761 3422 libertate,
783 3349 831 3410 ita
851 3351 888 3408 ut
908 3366 967 3420 non
1056 3385 1058 3390 ·

18 3436 154 3496 amonica
180 3439 215 3496 et
241 3435 456 3498 ecclesiastica
487 3439 601 3500 electio
629 3440 822 3503 considerari
845 3442 969 3516 debeat,

19 3527 65 3585 scd
86 3535 171 3591 actus
191 3533 360 3605 militaris,
377 3535 471 3610 atque
492 3532 629 3594 hostilis.
645 3535 804 3614 Suffragia
824 3536 906 3596 enim
922 3538 971 3598 ria
1007 3569 1009 3579 =
