2372 4198
610 211 648 226 -
669 179 729 240 316
750 209 790 224 -

221 290 304 347 ctam
326 288 456 348 haberet
477 289 665 364 potestatem
681 287 864 347 absolvendi
885 288 1167 348 Ecclesiasticosat·

220 380 283 442 iam
305 381 461 452 intrusos,
477 398 608 457 quorum
629 381 747 441 crimen
770 381 901 442 illorum
922 382 1110 454 antecellit,
1130 381 1165 458 qni

123 469 126 476 ’
221 474 320 542 cirico
334 493 367 534 se
388 477 511 535 tantum
526 481 722 537 sacramento
737 476 998 548 obstrinxerunt,
1011 479 1045 536 et
1066 477 1104 535 dc
1118 476 1166 552 qni·

221 568 278 628 bus
299 568 331 627 in
352 587 388 628 eo
409 569 544 629 articulo
565 570 708 646 specialis
729 569 846 628 mentio
867 569 955 630 facta
975 569 1094 629 fuerat.

282 662 316 721 In
345 662 402 721 bac
428 679 534 720 rerum
557 662 765 739 ambiguitate
785 666 891 722 sancte
920 661 1165 739 religiosequeii·

220 754 289 812 dem
304 752 439 839 episcopi
454 755 588 830 professi
602 759 687 825 sunt,
704 775 736 815 se
751 773 843 833 quam
859 755 999 816 maxime
1014 757 1165 816 abhorrere

221 848 561 924 epraetergrediendis
582 848 737 908 limitibus
753 849 887 908 facultat
839 854 942 909 tatum
964 849 1027 908 sibi
1051 850 1167 908 tribula·

221 955 302 998 rum·
295 942 454 1028 ,adeoque
469 941 583 1001 iterum
599 943 636 1000 ad
651 943 717 1004 Nos
732 942 845 1018 confug
826 941 949 1001 vientes
963 943 1165 1018 cuiuscumque

221 1017 393 1093 dubietatis
415 1034 571 1095 tollendae
592 1051 695 1105 causa,
711 1038 821 1112 aperte
834 1035 931 1096 Nobis
947 1034 1163 1112 significarunt

221 1144 252 1185 se
265 1126 398 1187 maxime
416 1130 537 1202 optare,
554 1129 591 1185 ut
603 1127 784 1203 episcopist
771 1126 970 1187 tribueretur
984 1128 1138 1188 facultas'
1133 1147 1164 1184 n·

214 1217 319 1277 trusis
339 1219 527 1278 conciliandi
542 1219 697 1279 Ecclesiae
712 1220 862 1296 gratiam,
874 1238 990 1296 eosque
1005 1239 1026 1280 a
1047 1219 1164 1280 censuri

221 1313 381 1386 solvendi3
404 1331 473 1372 cum
496 1306 571 1372 haec
591 1309 725 1394 facultas
747 1332 806 1372 non
829 1315 926 1374 solum
950 1315 1035 1375 nihil
1058 1315 1161 1375 habent

221 1406 372 1482 periculi,
388 1408 439 1466 sed
462 1425 574 1484 magno
595 1408 690 1468 ctiam
713 1408 860 1485 religioni
882 1425 948 1468 esse
977 1415 1087 1486 posset
1106 1425 1161 1468 eno·

221 1497 372 1560 lumento.
413 1531 415 1539 1

271 1595 398 1654 'Vestra
418 1593 494 1652 haec
521 1593 633 1670 agendi
653 1594 754 1667 ratio,
777 1593 888 1653 dilecti
910 1593 972 1654 filii
999 1595 1162 1666 Nostrae

221 1704 292 1746 ven.
316 1687 453 1758 fratres,
479 1706 514 1747 ac
535 1687 643 1748 dilecti
666 1687 748 1758 tilii,
770 1688 867 1764 digna
892 1706 967 1748 sana
997 1693 1072 1761 est,
1092 1701 1161 1765 qum

111 1769 116 1778 ’
219 1781 347 1841 summis
368 1781 523 1852 laudibus,
539 1781 621 1842 sicut
642 1781 721 1841 alias
737 1781 876 1853 fecimus,
892 1782 1100 1844 extollamus.
1113 1783 1158 1840 Non

221 1873 326 1949 itaque
347 1873 452 1950 parati
484 1891 519 1932 ac
540 1872 676 1950 prompti
706 1873 830 1933 Vestris
858 1874 1070 1950 petitionibus
1096 1874 1159 1933 obsa-

221 1967 392 2027 condendis
419 1964 512 2024 iniis
540 1966 694 2037 omnibus,
716 1983 795 2042 quae
823 1965 855 2026 in
879 1965 1011 2028 Domino
1040 1966 1160 2042 expedire

219 2059 317 2120 Nobis
337 2059 507 2131 videntur,
530 2058 561 2118 in
589 2059 727 2118 animum
748 2059 899 2120 Nostrum
925 2059 1101 2120 inducimus
1120 2073 1156 2116 no

221 2169 293 2214 ram
315 2153 409 2216 Vobis
428 2151 589 2228 impertiri
611 2151 813 2225 facultatem,
835 2170 914 2228 quae
934 2153 1037 2213 latius
1057 2155 1151 2231 pateat,

220 2250 344 2322 atquae
365 2247 501 2324 egregiis
516 2246 640 2308 Vestris
661 2246 800 2305 sensibus
822 2247 1029 2322 respondeat,
1043 2259 1146 2324 quaere

222 2357 282 2398 uno
304 2341 470 2416 eodemque
492 2345 631 2417 tempore
654 2345 688 2400 et
702 2340 859 2402 canonicis
880 2342 1016 2418 regulis,
1032 2337 1144 2402 etlletlr

221 2433 285 2494 siaa
306 2435 522 2494 consuetudini
544 2434 731 2496 satisfaciat.

281 2528 361 2588 lllud
374 2531 477 2588 tamen
489 2528 521 2587 in
533 2532 727 2588 antecessum
740 2528 1033 2591 animaduertamus
1043 2529 1150 2607 oportet

220 2623 298 2698 quod
322 2621 429 2680 sedulo
445 2622 605 2697 perpensis
625 2621 679 2693 iis,
692 2623 823 2698 quaeat]
844 2624 908 2684 Nos
923 2623 1027 2698 prima
1047 2628 1080 2682 et
1095 2621 1152 2680 alto·

221 2732 258 2774 ra
280 2713 347 2774 vioe
368 2714 548 2787 detulistis&
569 2713 687 2791 liquido
713 2717 824 2791 patet,
848 2715 921 2774 illas
943 2715 1030 2776 inter
1050 2714 1152 2776 lacuu-

220 2810 282 2881 tes,
297 2825 376 2883 quae
397 2806 520 2865 indulto
534 2807 675 2882 generali
696 2807 910 2880 continentur,
927 2809 1151 2884 comprehensam

216 2919 278 2979 ‘par
290 2902 355 2962 Nos
370 2898 498 2959 minime
512 2897 607 2960 fuisse
629 2898 813 2960 facultatem
827 2900 1012 2960 absolvendi
1026 2897 1152 2960 Ecclesia·

221 2995 316 3056 aticos
337 2993 488 3055 intrusos.
504 2992 600 3054 (luins
621 2993 743 3068 quidem
759 2992 920 3054 securitatis
935 2994 1058 3052 omissio
1070 3009 1102 3051 ax
1114 2989 1152 3048 cb·

220 3094 338 3154 livione
358 3090 515 3169 proticisci
534 3109 596 3150 non
618 3092 746 3167 potuit;
770 3093 843 3151 dum
870 3091 951 3150 anim
974 3089 1092 3153 Nostris
1114 3085 1152 3144 ob·

118 3192 120 3196 ’
220 3191 427 3246 versarentur
441 3184 539 3244 oculis
554 3185 742 3262 apostolicae
756 3185 835 3245 Nost
822 3188 891 3258 trae
914 3184 955 3244 lit
941 3187 1043 3246 tteraa
1062 3179 1112 3242 diei
1124 3178 1151 3236 13
1169 3191 1174 3256 1

220 3279 340 3356 Aprilis
360 3279 431 3338 anni
456 3279 545 3352 1791,
568 3278 599 3342 iu
621 3277 733 3384 quibus
755 3295 814 3338 non
837 3279 962 3338 tantum
984 3279 1172 3344 fiebatmeu·

220 3373 267 3434 tio
289 3373 326 3431 da
348 3371 478 3432 crimina
498 3370 646 3448 praestiti
667 3371 760 3431 civici
782 3373 984 3446 sacramenti,
997 3373 1045 3432 aed
1059 3361 1172 3444 deuio

193 3488 195 3492 ·
221 3466 319 3529 etiam
340 3465 470 3525 crimina
492 3483 592 3526 sermo
614 3465 749 3527 habebat
736 3469 807 3539 tur,
829 3483 890 3541 quo
911 3484 978 3526 sese
999 3457 1146 3542 polluerant
