2492 4202
436 183 614 246 -3012-

40 313 104 356 nem
121 294 344 368 Vieariorum,
361 291 598 354 destinationem
614 291 748 354 alicuius
760 292 954 368 confessarii,
971 299 1007 355 et

37 387 295 461 Ooneionatoris,
311 387 555 464 dispensationes
576 386 824 448 matrimoniales
838 389 1005 464 concessit,

39 482 179 558 aliosque
190 483 291 542 ,actus
312 481 452 559 peregit,
468 480 541 558 qui,
557 497 596 540 ex
619 478 740 540 deiectu
762 480 1004 557 iurisdictionis,

36 573 121 634 irriti
145 573 306 634 declarati
326 573 388 634 ium
410 575 502 634 erant
524 572 708 632 memoratis
722 574 847 635 Nostris
868 575 1006 636 Litteris

38 666 95 727 diei
113 669 155 727 13
172 667 306 746 Aprilis:
319 684 375 727 nec
386 670 545 727 tantorum
559 666 724 726 criminum
744 669 868 729 cumulo
879 672 1005 746 perter-

38 761 180 822 refactus
196 760 357 822 dubitavit
366 760 517 821 nefariam
531 758 627 820 ctiam
639 759 876 820 Ordinationem
888 761 1003 837 iacere,

38 853 268 931 elapso-mense
289 853 463 926 Decembri,
479 871 535 913 nec
551 871 610 913 non
633 851 884 915 Confirmationis
902 873 1007 917 sacra·

37 951 183 1008 mentum
206 945 410 1021 ministrare,
432 945 575 1023 quamvis
596 946 722 1005 minime
743 947 844 1024 ipsum
873 948 1002 1021 lateret,

38 1057 77 1113 se,
93 1041 197 1102 iuxta
208 1057 352 1114 canones,
369 1042 402 1100 et
416 1039 582 1098 earundem
604 1040 790 1100 Nostrarum
805 1040 1003 1101 Litterarum

38 1133 78 1205 si,
94 1151 293 1211 suspensum
314 1133 439 1192 omnino
454 1147 517 1192 csse
538 1133 577 1192 ab
600 1133 756 1192 coercitio
773 1132 906 1193 Ordinis
924 1133 1006 1210 Epi-

38 1231 189 1302 scopulis.

93 1323 154 1395 At,
174 1319 204 1379 si
218 1320 295 1382 adeo
307 1318 420 1381 misere
434 1317 711 1379 erravitintrusus
723 1335 863 1378 unacum
876 1318 1004 1380 asseclis

40 1415 68 1471 et
87 1412 275 1474 fautoribus
296 1411 370 1486 suis,
387 1411 467 1473 illud
489 1429 561 1472 sane
576 1429 636 1470 non
659 1409 723 1471 levi
744 1411 840 1472 afficit
859 1413 922 1472 Nos
934 1428 1008 1471 con·

41 1504 211 1579 solutione,
226 1508 306 1582 quod
328 1505 446 1584 primas
459 1505 592 1566 Nostros
614 1502 801 1564 monitiones
822 1505 941 1567 multae
956 1524 1006 1566 re-

43 1599 255 1661 tractationes
286 1598 485 1676 exceperint,
502 1597 693 1675 praesertim
715 1597 747 1656 in
766 1597 929 1675 provincia
941 1599 1009 1660 Ba·

44 1692 173 1768 laycae,
199 1694 340 1769 quodque
363 1691 435 1751 boni
456 1709 567 1769 magno
588 1692 665 1752 item
681 1708 809 1751 numero
830 1690 877 1752 ita
895 1692 926 1750 in
950 1711 1006 1754 sua

44 1785 223 1848 constantia
243 1785 456 1863 perstiterint,
474 1789 509 1846 ut
529 1786 622 1846 multi
643 1803 682 1844 ex
697 1790 829 1861 utroque
850 1785 935 1846 clero
948 1789 1006 1848 Ec-

44 1877 232 1953 clesiastici,
255 1879 402 1940 etmulti
429 1880 527 1940 etiam
558 1880 733 1941 saeculares
761 1878 880 1938 invicto
902 1880 1007 1940 animo

46 1973 250 2045 gravissimas
271 1972 403 2032 iniurias
432 1972 646 2050 pertulerint,
670 1975 704 2032 et
725 1989 866 2032 carceres
895 1972 1004 2046 etiam,

46 2063 94 2124 alii
109 2085 170 2144 per
186 2067 291 2144 plures
305 2066 381 2141 dies,
397 2067 453 2128 alii
467 2085 520 2144 per
534 2070 668 2146 quatuor
683 2083 803 2126 menses
822 2065 1002 2127 tolerarint.

99 2161 283 2222 Gloriosum
297 2160 373 2220 item
385 2160 580 2220 constantiae
592 2177 664 2219 suae
676 2164 908 2220 monumentum
916 2160 1007 2238 quin-

47 2269 97 2326 que
119 2252 247 2333 egregii
268 2253 403 2332 episcopi
424 2255 608 2327 ediderunt,
624 2272 753 2331 quorum
776 2255 859 2317 alter
881 2259 1006 2335 perstat

49 2346 144 2409 adhue
160 2349 193 2407 in
210 2347 313 2408 insula
328 2347 464 2407 firmiter
479 2365 684 2425 perseverans
698 2348 730 2408 in
753 2349 929 2411 novitatum
953 2351 1008 2410 de·
1037 2355 1040 2362 ’

48 2440 230 2514 testatione,
246 2444 280 2502 et
294 2460 424 2519 quorum
446 2441 502 2502 ulii
523 2446 690 2518 quatuoru
711 2441 774 2502 suis
796 2442 1006 2503 discesserunt

50 2531 249 2608 dioecesibus,
265 2540 298 2596 et
318 2537 356 2596 ab
370 2539 475 2596 eadem
495 2535 599 2596 insula
619 2554 675 2612 per
691 2535 871 2596 violentiam
887 2535 1005 2611 adacti,

49 2629 146 2691 veluti
159 2630 276 2690 factum
289 2632 339 2688 est
351 2630 387 2688 de
398 2629 638 2688 venerabilibus
649 2629 816 2689 Fratribus
829 2631 1006 2690 Marianon·

51 2721 82 2790 si,
104 2729 138 2786 et
158 2722 307 2784 Nebiensi
328 2721 498 2799 Episcopis.
528 2722 607 2784 Nam
630 2723 740 2781 horum
764 2723 894 2799 primus,
918 2724 1005 2784 nulle

50 2811 216 2877 interiectu
230 2833 333 2889 mora,
349 2821 398 2876 est
412 2818 449 2876 ad
466 2815 681 2876 discedendum
698 2821 836 2890 coactus,
853 2818 936 2877 alter
951 2838 1006 2877 ve-

50 2922 93 2981 ro,
108 2914 273 2988 postquam
295 2909 513 2988 septemdecim
526 2908 647 2970 dierum
671 2910 785 2986 spatio,
808 2910 1006 2971 adstantibus

51 3005 194 3064 continuo
209 3001 364 3064 militibus
386 3003 490 3062 fuerat
505 3003 585 3062 domi
605 3005 764 3077 detentum
780 3003 878 3063 ceteri
899 3006 1004 3064 autem

52 3110 105 3154 non
120 3098 187 3158 alie
201 3115 241 3156 ex
256 3113 349 3156 eausa
363 3096 583 3171 discesserunt,
598 3097 658 3156 nisi
673 3097 748 3175 qnia
768 3097 901 3157 maiores
915 3116 1006 3158 ueru-

51 3200 145 3264 mnas,
162 3193 195 3250 et
209 3190 292 3250 mala
306 3189 453 3266 gregibus
467 3190 530 3248 suis
547 3190 733 3265 timuerunt,
749 3192 1004 3267 quemadmodum

51 3294 154 3361 reapse
169 3282 313 3344 timuisse
329 3285 454 3342 constat
465 3282 682 3343 Venerabilem
696 3285 843 3345 Fratrem
855 3285 1008 3345 Adiecer-

54 3388 110 3435 scm
132 3376 336 3454 Episcopum,
352 3378 386 3435 et
411 3379 455 3449 tc,
476 3375 529 3452 qui
550 3376 606 3434 sub
629 3374 719 3434 finem
741 3377 907 3456 praeteriti
932 3378 1006 3438 enni

53 3481 109 3529 non
130 3469 283 3532 destitisti
300 3474 370 3532 tuas
390 3471 540 3531 adversus
555 3468 679 3530 civilem
702 3471 781 3530 cleri
796 3471 1008 3534 Constitutio-
