2386 4194
346 235 354 286 ,
612 204 791 267 -112-

199 318 365 396 suscipere.
389 317 497 379 Missio
516 317 601 377 enim
622 316 789 391 canonica,
805 319 839 376 et
860 315 1054 389 iurisdictio,
1076 333 1171 393 qnam

199 411 327 490 quisquo
356 411 451 471 hebet
475 409 656 487 episcopus,
678 409 775 469 cortis
806 413 895 486 septa
915 411 966 468 est
991 408 1173 481 limitibus3

74 497 76 502 ’
199 524 256 567 nec
277 522 421 583 umquam
443 503 549 565 civilis
569 502 745 565 auctoritas
760 503 881 563 edicere
896 504 1039 580 poterit,
1058 505 1096 563 ut
1117 501 1189 592 ille,

199 601 256 661 ant
268 598 365 658 latins
374 601 494 675 pateat,
507 599 564 657 aut
574 595 662 657 intra
672 595 826 656 arctiores
836 596 958 657 limites
969 599 1173 657 coerceatur.
1188 595 1189 658 ]

258 690 350 754 Nihil
370 705 445 768 ergo
466 689 566 767 magis
586 688 774 766 insipienter
789 689 969 768 excogitari
992 690 1102 766 potnit
1117 659 1189 752 illel

198 784 443 862 comparatione,
455 801 534 861 quae
549 781 586 842 de
602 783 740 843 transitu
756 781 862 860 populi
878 787 916 843 ed
933 782 1070 844 alienam
1087 785 1175 844 dioe-

200 877 312 952 cesim,
328 876 425 955 deque
448 894 528 936 nova
553 877 757 950 dioecesium,
781 893 951 954 earumque
976 877 1090 939 finium
1115 879 1190 960 im-,

199 972 375 1032 mutatione
394 970 591 1032 obtruditur.
615 973 649 1032 ln
664 970 767 1047 primo
784 970 867 1030 enim
883 989 974 1047 casn,
991 989 1062 1032 eam
1077 991 1173 1033 exer-

200 1067 252 1124 cet
271 1065 432 1142 episcopus
445 1061 709 1138 iurisdictionem,
724 1082 816 1142 quem
830 1063 861 1123 in
878 1083 932 1126 soe
948 1064 1084 1126 dioecesi
1102 1084 1173 1144 pno-

200 1157 291 1249 prio
291 1158 351 1219 sibi
372 1156 551 1218 vindicet
542 1173 632 1231 rure3
661 1161 775 1218 contra
796 1171 872 1217 vero
895 1156 927 1216 in
949 1159 1054 1220 altero
1076 1177 1167 1231 caso,

201 1270 268 1312 eam
289 1251 354 1329 ipse
374 1249 620 1320 iurisdictionem
642 1250 788 1311 extendit
797 1270 900 1329 ,quae
914 1251 946 1310 in
962 1252 1069 1313 aliena
1087 1253 1170 1313 dioe-

201 1346 264 1406 cesi
286 1344 374 1404 nulla
394 1343 518 1404 ratione
540 1346 682 1420 spectare
703 1343 848 1404 edilium
868 1347 985 1421 potest
1001 1346 1095 1407 Nihil
1112 1315 1191 1408 its-

201 1455 278 1518 que,
301 1438 454 1516 praestito
479 1438 519 1499 ab
538 1438 816 1514 Augustodunensi
843 1444 1058 1515 sacramento,
1080 1459 1164 1518 repo-

200 1533 317 1607 rimus,
340 1551 401 1611 qno
422 1551 453 1592 se
475 1531 585 1609 possit,
604 1548 644 1590 ex
664 1531 820 1591 catholico
843 1550 946 1606 sensu,
964 1533 996 1592 in
1019 1532 1124 1594 nlla
1114 1553 1168 1593 im·

201 1625 330 1704 pietatis
359 1631 449 1704 parte
477 1624 654 1684 defendere.
678 1625 767 1684 Inter
795 1625 1008 1700 conditiones,
1030 1646 1115 1704 qnee
1136 1630 1169 1688 nd

200 1719 324 1780 licitum
344 1719 563 1779 iusiurandum
584 1716 802 1795 requiruntur,
821 1717 1010 1795 praecipuae
1025 1723 1123 1794 sunt,
1140 1723 1172 1781 nt
1191 1705 1192 1772 l

202 1830 313 1873 rernm
332 1811 412 1872 illud
435 1810 480 1870 sit
498 1813 533 1870 ct
552 1810 681 1871 iustum.
707 1811 767 1871 Ubi
789 1829 870 1872 nnnc
893 1813 1033 1886 veritas,
1050 1814 1105 1874 ubi
1128 1811 1192 1874 in}

202 1906 293 1967 stitia
313 1924 380 1965 esse
407 1909 528 1982 potest,
550 1906 674 1982 qnando
703 1923 743 1965 ex
762 1903 826 1965 iam
855 1905 999 1984 superins
1026 1909 1170 1969 adductis

202 1999 378 2078 principiis,
401 1997 480 2058 nihil
500 1998 587 2071 illic,
610 1997 670 2056 nisi
691 1997 804 2059 falsum
828 2003 923 2076 etque
944 1999 1100 2061 iniustum
1124 2003 1170 2061 de

202 2092 429 2173 prebenditnrl
442 2093 507 2155 Nec
529 2091 590 2151 iam
612 2091 732 2169 poterit
749 2093 1042 2170 Augustoduneneis
1058 2095 1128 2156 ullo
1143 2114 1170 2155 se

202 2190 292 2250 modo
312 2204 474 2260 excusare,
494 2187 520 2248 si
541 2186 626 2247 dicet
638 2186 887 2264 praecipitanter
909 2186 978 2247 illie
1007 2191 1106 2266 etque
1128 2191 1169 2249 in-

203 2281 398 2342 considerate
419 2298 452 2340 se
473 2278 616 2357 gessisse.
642 2281 754 2342 Nonne
779 2279 942 2354 consulto,
969 2283 1167 2361 cogitatoqne

205 2376 243 2436 ad
271 2377 498 2434 sacramentnm
526 2373 698 2450 processit,
721 2390 791 2432 cnm
813 2372 913 2452 ipsum
936 2374 1024 2436 falsis
1046 2378 1168 2437 munire

204 2470 364 2546 satageret
385 2466 579 2540 rationibus,
601 2484 731 2544 cumque
752 2467 813 2526 iam
835 2465 1072 2545 intellexisset,
1095 2489 1168 2548 qnae

203 2563 380 2622 ceterorum
400 2560 617 2638 episcoporum
631 2562 736 2620 essent
757 2560 934 2621 sententiae
956 2561 1045 2622 docte
1061 2563 1168 2640 pieque

204 2652 455 2733 impugnantium
476 2653 656 2714 Conventus
677 2652 854 2725 decretum,
869 2671 1003 2731 cumque
1024 2652 1089 2713 iam
1113 2673 1168 2713 nnn

204 2751 307 2827 posset
327 2766 388 2807 non
409 2764 485 2824 pree
506 2745 605 2806 oculis
626 2745 742 2806 hebere
764 2745 851 2806 aliud
867 2746 959 2823 plane
980 2746 1168 2824 oppositum,

203 2842 237 2901 in
252 2859 308 2902 sna
321 2842 421 2902 adhuc
441 2840 562 2900 recenti
583 2839 819 2900 consecratione
834 2839 982 2901 emissum
996 2857 1168 2902 sacramen-

204 2934 294 2994 tnml
307 2935 415 3011 Itaque
436 2932 561 2993 omnino
582 2933 744 2993 dicendum
774 2935 824 2993 est
847 2932 939 2993 illum
960 2934 1085 3011 lapsum
1106 2951 1168 2994 esse

203 3028 237 3088 in
258 3027 473 3088 voluntarium
494 3029 529 3086 et
548 3026 736 3104 sacrilegum
758 3025 948 3104 periurium,
963 3028 1046 3104 qnod
1062 3044 1168 3102 nempe

202 3121 361 3184 Ecclesiae
382 3120 598 3200 dogmatibus,
620 3120 748 3197 eiusque
769 3119 954 3180 certissimis
977 3120 1099 3181 iuribus
1119 3121 1168 3180 ad-

205 3215 366 3275 versatur.

265 3310 368 3386 Atque
388 3308 438 3369 bic
467 3310 640 3386 opportune
661 3307 931 3366 commemorande
951 3305 1163 3368 existimamus

206 3419 255 3477 ea,
276 3421 354 3480 quas
375 3402 408 3461 in
429 3401 564 3479 Anglia,
586 3400 683 3478 Regis
702 3399 831 3460 Henrici
857 3400 886 3460 II
908 3403 1071 3478 tempore,
1092 3397 1167 3459 acci·

206 3497 331 3556 derunt.
347 3497 377 3556 Is
398 3494 491 3573 plane
513 3493 617 3554 simile
637 3495 823 3568 Decretum,
847 3492 1045 3571 paucioribus
1066 3496 1165 3554 temen
