2386 4194
1187 143 1188 176 i

631 225 810 285 -rso-
1187 179 1188 192 Ν

239 340 334 413 atque
355 337 542 398 constantia.
565 339 610 397 Eo
633 337 685 398 vel
707 334 806 412 magis
832 334 906 412 quia
927 333 1056 394 litterae
1079 335 1188 391 vestrae,

239 430 389 489 eximium
404 428 542 489 studium
557 448 631 508 prae
654 449 686 490 so
707 428 816 490 ferunt
837 426 964 505 petendi
984 443 1004 485 a
1023 425 1181 486 Sanctitate

115 515 125 522 ’
240 523 304 582 Sua
325 522 397 598 quid
420 537 476 580 vos
497 520 600 582 facere
622 526 778 601 oporteat,
793 540 832 582 nc
847 521 987 583 Ecclesia
1001 522 1065 582 ista
1085 539 1135 582 sno
1154 522 1182 580 le·

241 616 352 695 gitimo
374 618 501 694 pastore
526 620 657 690 careat,
686 619 835 677 verentes
861 633 968 694 quam-
982 615 1136 686 maxime,
1158 633 1182 674 nc

241 709 378 771 vicariae
394 712 520 770 vestrae
538 709 706 772 facultates
728 709 856 789 perinde
877 709 988 769 haberi
1010 710 1148 780 debeant,
1160 725 1183 765 ae

240 802 267 864 si
287 806 452 865 revocatae
477 803 629 879 fuissent,
652 824 688 865 eo
709 807 789 882 quod
816 803 977 882 episcopus
1007 807 1114 863 vester
1137 819 1182 862 rese

239 899 320 976 apud
348 917 455 976 regem
476 899 515 961 ab
535 899 668 959 ecclesia
689 918 744 961 sua
765 898 978 971 abdicaverit,
1006 902 1042 958 et
1067 917 1103 958 eo
1125 896 1182 974 quod

241 1010 313 1054 suae
329 993 558 1054 iurisdictionis
579 992 768 1054 exercitium
781 991 916 1052 arbitrio
930 991 1006 1051 novi
1021 990 1123 1052 illecti
1135 1005 1184 1066 per·

240 1085 374 1148 miserit.
398 1087 439 1147 Hi
460 1087 544 1148 enim
565 1090 666 1160 actus,
683 1086 813 1147 tametsi
834 1086 945 1163 suapte
968 1087 1088 1146 natura
1107 1081 1181 1152 irriti,

163 1195 164 1200 ’
242 1182 352 1258 utpote
373 1180 485 1258 quibus
505 1182 595 1240 deest
615 1180 788 1241 auctoritas
803 1179 922 1239 Summi
937 1175 1182 1250 Pontificis‚satil

242 1275 346 1333 tamen
361 1293 427 1334 esse
446 1292 535 1353 posse
557 1273 765 1335 videntur'ad
789 1272 919 1334 tacitam
940 1273 1100 1350 quandam
1121 1271 1180 1329 indu·

242 1370 370 1429 cendam
393 1367 626 1429 revocationem
648 1386 757 1429 carum
785 1366 988 1439 facultatum,
1004 1366 1118 1444 quibus
1135 1365 1178 1423 tae

240 1462 331 1522 tenus
353 1463 400 1523 usi
421 1464 517 1537 estis,
540 1481 579 1523 ex
601 1463 760 1524 sententia
787 1461 1008 1539 theologorum
1030 1465 1068 1521 ct
1088 1455 1175 1520 canon·

241 1557 365 1615 starum
379 1555 617 1630 Parisiensium,
632 1574 709 1634 quos
723 1555 949 1634 exquisivistis.

300 1649 382 1710 Hinc
398 1649 621 1711 Sanctissimus
635 1650 785 1710 Dominus
799 1652 918 1712 Noster
933 1651 1062 1708 mature
1084 1662 1182 1727 perpen-

242 1741 285 1802 sis
306 1742 358 1816 iia,
381 1761 458 1821 quae
480 1761 499 1803 a
521 1744 607 1804 vobis
629 1743 831 1821 postulantur
851 1761 887 1803 ao
908 1745 1135 1821 proponuntur,
1152 1752 1181 1795 nc

243 1836 338 1896 iussit
358 1837 536 1914 significare
558 1837 648 1898 vobis
668 1838 783 1898 merito
805 1839 930 1914 quidem
952 1835 1097 1896 dubitari
1112 1847 1180 1910 post

244 1929 319 2008 quin
335 1934 461 1992 vestrae
476 1931 613 1992 vicariae
632 1931 801 1992 facultates
821 1929 1030 1990 cessaverint.
1048 1927 1182 2006 episcopa

245 2026 297 2084 tus
317 2024 401 2083 enim
422 2024 632 2098 renunciatio,
654 2043 746 2102 quam
767 2027 849 2102 apud
871 2027 989 2100 Regem
1011 2017 1182 2082 christianis

245 2116 359 2178 simum
377 2117 493 2180 factam
514 2118 610 2180 fuisse
625 2117 737 2178 ‘dicitis
759 2119 798 2178 ab
819 2117 963 2196 episcopo
978 2120 1103 2188 vestro,
1117 2111 1182 2172 irrita

244 2209 368 2287 quidem
391 2214 424 2270 et
446 2229 527 2273 vana
548 2215 597 2272 est
618 2213 699 2289 apud
720 2210 911 2283 Ecclesiam,
935 2201 1179 2288 proptereaque

244 2305 333 2363 caret
354 2321 504 2364 consensu
526 2308 619 2382 atque
641 2303 834 2364 auctoritate
854 2302 1033 2377 Pontificis,
1055 2301 1109 2380 qni
1127 2297 1178 2358 solu

246 2414 281 2457 ac
304 2397 467 2475 legitimus
488 2399 640 2476 Superior
661 2402 720 2471 est,
743 2397 797 2456 sed
819 2398 908 2458 obest
926 2387 1181 2457 renunciantiQti

244 2489 327 2549 enim
343 2491 521 2565 renunciat,
535 2492 562 2551 si
576 2509 650 2552 suae
664 2491 813 2552 ecclesiae
827 2491 875 2551 ius
891 2509 949 2550 non
964 2488 1104 2562 amittit,
1115 2487 1180 2544 done

244 2584 394 2645 Pontifex
419 2586 475 2645 ant
502 2585 773 2647 renunciationem
800 2586 965 2663 acceptet,
997 2588 1056 2646 ant
1084 2583 1181 2662 propter

245 2678 364 2739 crimen
386 2698 403 2739 e
425 2697 479 2740 suo
500 2679 592 2740 illum
619 2678 688 2740 iure
715 2679 867 2739 excidisse
896 2678 1061 2751 declaret3
1091 2667 1182 2738 amittit

246 2775 351 2834 tamen
380 2772 604 2851 possessionem
626 2789 730 2843 suam,
753 2771 801 2831 ita
822 2775 859 2831 ut
879 2789 978 2848 neque
1000 2772 1068 2848 ipse
1089 2783 1139 2847 per
1153 2780 1180 2828 st

242 2885 342 2945 ,neque
359 2866 420 2928 alii
442 2884 495 2928 suo
517 2866 640 2927 nomine
662 2865 782 2944 possint
801 2862 935 2947 amplius
961 2861 1181 2924 iurisdictionem

244 2961 339 3021 semel
361 2961 535 3022 abdicatam
560 2977 719 3020 exercere.

306 3052 343 3113 Si
364 3052 511 3113 Pontifex
533 3053 678 3113 Summus
708 3051 879 3130 accepisset
907 3069 964 3130 par
990 3069 1102 3112 manus
1125 3041 1181 3119 rogi

244 3146 338 3208 istam
366 3147 501 3224 episcopi
529 3145 631 3205 vestri
659 3144 894 3218 dimissionem,
924 3163 962 3204 ne
992 3144 1058 3204 ullo
1087 3140 1180 3220 quiden

246 3243 397 3322 temporis
408 3248 564 3304 momento
580 3244 618 3302 de
633 3241 691 3303 illa
705 3242 894 3319 acceptanda
905 3239 1095 3311 dubitasset,
1108 3227 1181 3296 veluti

243 3354 309 3402 vos¹
322 3335 495 3396 faciendum
517 3325 601 3395 for'te
622 3353 688 3394 esse
711 3333 895 3412 proponitis.
912 3335 981 3410 Ipso
1002 3331 1086 3392 enim
1100 3331 1134 3390 ad
1151 3340 1181 3382 rr

246 3428 346 3507 liquos
367 3445 503 3502 errores,
526 3428 558 3487 in
580 3447 655 3506 quos
677 3427 841 3505 prolapsus
862 3426 977 3486 misere
998 3428 1059 3498 est,
1082 3417 1182 3484 sucula

243 3539 317 3600 gum
338 3540 458 3600 quoque
473 3539 582 3582 ausum
604 3520 762 3594 adiunxit,
777 3537 887 3582 manus
908 3517 1088 3598 imponendi
1102 3507 1181 3576 dicit
