2386 4194
237 305 374 363 causam,
390 287 552 348 debuimus
565 288 845 360 constitutionem,
861 287 899 344 de
920 303 981 363 qua
994 287 1104 364 agitur,
1118 287 1167 347 dili·

237 383 423 461 gentissima
442 381 690 442 consideratione
713 382 909 457 expendere,
931 399 1050 457 exque
1072 382 1167 440 omniuo

236 475 393 544 consecuti
415 492 539 548 sumus,
554 477 589 535 ut
603 475 801 552 perspicuum
815 473 1012 534 arbitremur
1024 493 1098 545 esse,
1111 475 1167 550 quod
1182 513 1183 550 1

237 569 392 632 haeretici
420 571 497 628 nota
516 568 635 628 evitari
656 569 695 630 ab
715 567 773 628 illo
796 586 855 626 non
877 567 997 644 possit,
1019 568 1169 644 quicumque

237 663 339 724 civico
354 681 386 722 se
402 661 576 739 obstringit
588 661 805 735 iureiurando,
821 679 889 721 cum
906 681 944 722 ea
958 661 1119 739 promittat
1131 661 1184 737 sili

238 756 416 827 servanda,
438 756 470 814 iu
492 756 604 833 quibus
625 757 789 816 haeresum
821 757 986 835 congeries
1006 756 1169 818 continetur.

237 851 324 918 Quod
338 853 425 910 certe
440 848 588 908 Maiestas
602 849 671 908 Tua
685 849 848 926 perspicue
862 852 1014 925 agnoscet
1027 868 1068 909 ex
1079 850 1170 910 Nostro

237 946 276 1004 ed
303 944 472 1021 Episcopus
503 960 665 1018 responso,
690 943 778 1003 cuius
810 943 988 1021 exemplum
1016 961 1086 1003 cum
1110 940 1171 1000 hisee

238 1039 276 1100 ad
299 1040 343 1099 Te
364 1035 491 1099 Nostris
517 1037 745 1114 coniungimus.
769 1039 839 1115 lpsa
867 1037 1017 1098 Maiestas
1039 1039 1104 1098 Tua
1126 1035 1171 1112 pol·

236 1130 328 1192 licita
347 1130 445 1192 Nobis
459 1135 520 1204 est,
537 1149 569 1191 se
584 1132 618 1190 in
633 1131 800 1210 Religione
816 1134 934 1192 Nostra
947 1131 1104 1192 victuram
1116 1148 1168 1200 esse,

237 1243 273 1286 ac
305 1225 517 1299 morituram3
540 1243 637 1301 ecque
666 1224 830 1301 promissio
858 1243 979 1286 summa
1002 1225 1099 1288 Nobis
1124 1227 1169 1284 erut

237 1318 464 1380 consolationis
484 1335 587 1378 causa.
610 1320 701 1380 Nunc
722 1335 799 1378 vero
824 1320 900 1380 haec
926 1319 995 1395 ipsa
1016 1318 1089 1379 Tibi
1108 1335 1168 1378 mus

238 1414 302 1474 erit
319 1412 469 1474 continua
482 1411 589 1472 intimi
603 1412 859 1490 acerbissimique
873 1412 1006 1485 doloris,
1022 1431 1092 1472 cum
1106 1409 1165 1471 intel·
1185 1454 1186 1490 5

238 1505 331 1583 liges,
346 1507 427 1582 quod
443 1522 499 1582 per
514 1506 615 1565 Tuam
637 1504 829 1565 sanctionem
845 1507 883 1565 ab
898 1505 1057 1566 Ecclesiae
1079 1505 1167 1565 unitate

237 1600 311 1660 illos
330 1617 437 1659 omnes
459 1597 668 1675 separaveris,
691 1599 744 1675 qui
766 1598 984 1660 iusiurandum
1006 1598 1170 1661 ediderinte

238 1695 400 1755 Conventa
422 1691 664 1768 praescriptum,
681 1710 734 1751 seu
756 1693 809 1769 qui
831 1693 930 1752 secuti
943 1692 1068 1753 tuerint
1088 1705 1171 1769 proras

238 1787 270 1845 in
292 1784 526 1848 Constitutione
540 1785 626 1844 circa
646 1785 772 1846 (ilerum
788 1787 932 1846 decretas
952 1783 1172 1857 sententiaque

236 1900 295 1958 que
317 1881 399 1940 bunc
423 1880 457 1938 iu
479 1880 605 1939 modum
628 1881 825 1940 recusaveris
853 1898 921 1941 eam
943 1882 1104 1941 illustrem
1121 1893 1171 1955 prae

236 1974 353 2034 ceteris
374 1973 604 2052 gloriosamque
626 1973 770 2048 laudern,
793 1975 824 2034 in
846 1992 909 2052 qua
931 1993 1014 2036 esses
1038 1975 1079 2034 ob
1098 1972 1173 2032 delen·

236 2085 303 2126 sem
325 2067 356 2126 iu
387 2067 464 2127 Tuis
484 2067 665 2128 Ditionibus
693 2068 909 2145 Religionem,
933 2087 969 2128 ac
998 2068 1126 2145 proinde
1141 2065 1173 2123 de·

236 2160 441 2238 generaveris
465 2179 485 2220 a
517 2160 689 2222 Maioribus
718 2162 818 2236 Tuis,
840 2164 893 2239 qui
921 2163 1012 2224 illam
1043 2159 1172 2238 intrepide

237 2271 359 2330 semper
379 2271 416 2312 ac
437 2253 667 2314 studiosissime
687 2257 929 2315 conservarunt.

297 2349 400 2423 Atque
421 2348 472 2406 hic
494 2365 554 2406 non
577 2365 737 2423 possumus
758 2349 906 2409 Tibicen
929 2351 1003 2410 ante
1024 2349 1126 2408 oculos
1141 2363 1172 2422 po

238 2458 312 2500 nere
334 2442 367 2501 S.
383 2441 474 2503 Aviti
489 2443 677 2518 Viennensis
692 2443 838 2521 Episcopi
854 2461 973 2516 sensus,
988 2442 1051 2504 etsi
1074 2454 1174 2521 gravere

237 2534 341 2596 auimo
356 2536 424 2594 Tuo
443 2534 620 2595 molestiam
637 2535 804 2610 allaturos,
819 2536 873 2613 qui
885 2555 956 2596 cum
967 2535 1063 2596 initio
1079 2537 1120 2595 Vl
1131 2547 1175 2591 sae

235 2629 300 2689 culi
331 2629 527 2707 praesideret
551 2629 687 2690 Concilio
709 2631 833 2706 Eponae
857 2634 985 2702 coacto,
1008 2647 1090 2690 nuuc
1118 2628 1176 2687 Yeu·

237 2741 294 2784 nae
305 2725 343 2784 ad
358 2723 556 2795 Rhodanum,
570 2738 606 2781 ac
618 2722 858 2782 Gundebaldum
869 2722 1072 2825 Burgupdiae
1083 2723 1175 2795 Regem

236 2817 467 2893 alloqueretur,
480 2815 581 2876 libera
595 2833 668 2875 saue
681 2818 775 2892 atque
790 2815 975 2893 Apostolica
986 2834 1061 2875 voce
1077 2813 1176 2874 debeis·

235 2927 267 2970 ee
287 2912 394 2986 ipsum
407 2908 492 2968 dixit
505 2907 589 2985 (cum
604 2907 635 2966 id
652 2908 828 2984 Religionis
842 2907 1025 2984 interesset)
1045 2925 1114 2966 non
1126 2904 1175 2962 als·

236 3005 342 3063 tinere
361 3021 393 3064 se
409 3005 445 3062 ob
457 3005 634 3062 tumultum
642 3003 754 3078 populi
765 3019 787 3083 c
792 3003 922 3078 publice
931 3001 1115 3079 profitendo
1125 2996 1177 3056 uni·

235 3098 323 3158 versi
333 3092 492 3170 creatore,
503 3097 597 3156 immo
609 3096 639 3156 in
653 3097 754 3156 medio
767 3097 928 3175 popularis
938 3096 1059 3156 furoris
1070 3113 1121 3156 ore
1131 3094 1177 3168 ipso

141 3269 145 3278 ι
235 3194 345 3266 aperte
367 3191 528 3268 proferre,
544 3193 625 3268 quod
647 3209 679 3250 se
702 3190 815 3251 intimo
845 3192 938 3251 corde
966 3191 1094 3250 credere
1113 3185 1176 3248 affir·

235 3284 354 3344 mabat.
378 3285 419 3345 Hi
441 3286 474 3345 S.
497 3284 590 3345 Aviti
611 3303 719 3344 sensus
748 3302 767 3345 a
788 3285 821 3344 S.
846 3283 1001 3361 Gregorio
1026 3273 1177 3342 Turoususi

235 3377 267 3434 in
289 3377 357 3438 eius
375 3379 530 3438 Historia
551 3380 605 3438 lib.
621 3377 743 3455 accep.
759 3376 814 3438 34.
832 3377 1027 3439 referuntur.

295 3471 376 3531 Huic
391 3470 635 3531 considerationi
649 3470 709 3531 illa
722 3470 818 3531 etiam
831 3469 1030 3548 adiungenda
1044 3467 1115 3528 Tibi
1128 3463 1178 3524 erat
