2386 4194
621 203 658 217 —
682 173 740 232 174
762 203 798 217 —

222 297 284 356 que
298 277 505 355 collegarum,
519 295 650 355 qnorum
665 278 760 340 etiam
772 279 933 358 egregiam
945 280 1171 340 declarationem

226 371 312 449 typis
333 369 451 432 editam
472 369 550 449 ipsis
571 371 723 433 insertam
746 370 866 433 litteris
888 376 927 434 ad
955 391 1004 433 nne
1028 374 1173 436 transmit

226 471 294 526 tere
309 466 453 530 voluisti.
469 467 622 544 Agnoscit
636 467 760 545 quidem
774 469 979 530 Beatissimae
992 471 1103 542 Pater,
1118 471 1174 530 val·

226 559 323 636 deque
344 562 541 621 commendat
565 561 673 639 plenos
694 561 879 640 religionis,
901 563 989 624 acin
1021 564 1173 625 Ecclesiam

224 651 323 712 studii
344 655 377 713 et
398 654 595 715 constantiae
616 655 736 717 animos
750 661 885 730 vestros3
901 659 954 718 sed
975 658 1015 718 ob
1029 659 1104 718 haec
1121 658 1174 734 ipsn

226 748 335 807 vestra
363 745 479 807 merita
500 751 591 809 tanto
619 748 732 811 maiori
754 750 859 811 dolore
888 750 1100 829 percellitur,
1120 767 1173 810 cnn

226 839 334 900 videat
356 843 551 918 grassantem
574 843 660 903 inter
680 844 789 906 Gallos
818 844 995 906 novitatum
1018 847 1134 923 pestem
1151 844 1172 902 in

133 1003 134 1008 γ
225 933 384 1008 alsatiam
405 934 502 996 etiam
523 936 560 995 ad
585 936 648 994 Vos
661 954 858 1016 progressam
880 953 960 1012 esse,
976 955 1071 1000 sacra
1091 938 1172 998 omnic

226 1028 413 1106 perturbare
441 1031 535 1105 atque
561 1032 707 1090 evertere
734 1031 985 1091 contendentem.
1010 1033 1127 1091 Verum
1148 1035 1172 1089 nt

226 1123 327 1201 magis
343 1123 539 1200 perspicuum
556 1124 628 1184 Tibi
641 1143 707 1186 csse
722 1124 833 1202 possit,
849 1125 922 1202 quid
938 1125 1022 1184 idem
1038 1125 1168 1194 SS.D.N,

226 1237 266 1279 ex
286 1219 467 1296 Apostolico
483 1237 538 1279 sno
559 1235 687 1280 munere
703 1225 817 1281 contra
837 1223 955 1291 tantos,
974 1218 1118 1295 talesque
1134 1219 1170 1278 ad·

225 1313 538 1375 versantium'ausus
560 1313 618 1374 sibi
638 1313 794 1392 agendum
816 1314 992 1388 censuerit,
1010 1313 1099 1374 hisce
1118 1311 1166 1372 meni

227 1407 380 1484 copiungo
401 1406 579 1483 exemplum
601 1405 740 1466 eiusdem
762 1407 956 1478 litterarum,
973 1405 1026 1466 die
1050 1406 1090 1466 13
1103 1405 1164 1465 huin

110 1565 113 1570 ,
226 1501 341 1561 mensis
363 1500 519 1561 editarum
534 1501 572 1562 ad
593 1499 787 1574 cardinales,
802 1498 1057 1577 archiepiscopos
1077 1501 1110 1560 et
1128 1497 1168 1576 epi·

117 1663 119 1668 ‚
226 1612 343 1670 scopos,
355 1594 392 1654 ad
411 1593 562 1670 capitula,
580 1595 618 1653 ad
633 1594 764 1668 clerum,
777 1593 992 1671 Populumqne
1004 1594 1110 1672 Regni
1118 1591 1170 1653 (lal-

226 1687 363 1766 liarum,
393 1705 454 1764 quo
480 1687 547 1765 ipso
568 1688 712 1764 exemplo
744 1690 817 1747 tuae
846 1687 896 1747 illi
919 1687 1057 1748 solemni
1086 1689 1120 1748 ad
1137 1703 1169 1744 nc

226 1780 430 1840 transmissae
463 1779 670 1840 declarationi
701 1797 737 1839 ao
765 1781 988 1857 protestationi
1020 1786 1168 1860 opportune

224 1875 413 1952 respondere
435 1873 572 1951 potuisse
600 1874 744 1951 gande03
765 1892 801 1933 ac
822 1891 891 1934 cum
914 1875 1069 1937 distincta
1089 1875 1169 1936 obser·

225 1967 336 2028 santia
355 1967 507 2027 excorde
527 1968 689 2028 deosculor
709 1985 829 2028 manus.

345 2059 582 2123 Illustrissimae
608 2059 834 2121 Dominationis
862 2062 947 2123 Tuae

304 2155 420 2217 Romae
441 2155 490 2215 die
510 2155 550 2216 23
564 2153 686 2233 Aprilis
701 2155 788 2217 1791.

763 2325 910 2386 Servitor
932 2279 1029 2387 verus

534 2492 536 2502 ,
637 2416 677 2477 F.
694 2418 734 2477 X.
751 2417 929 2478 cardinalis
951 2419 990 2479 de
1011 2419 1139 2482 Zelcdo.
