2364 4198
625 195 805 257 -270-

240 302 323 362 nime
352 303 501 380 poterant
527 321 583 362 nec
603 301 776 363 ministerii
803 303 851 364 sui
872 307 1053 365 munemel
1072 304 1168 382 officia,

240 413 296 454 nec
310 394 447 456 iniuriae
469 394 674 472 gravitatem,
692 413 784 473 quam
798 396 831 456 in
847 398 952 456 totum
965 397 1112 458 Ecclesiae
1123 397 1169 474 gul·

237 488 359 553 liccueo
380 506 493 566 corpus
508 487 697 563 intulerunt,
714 489 884 566 multisque
899 489 1072 550 nominibus
1083 492 1169 550 arctio

238 580 268 640 ri
288 581 417 642 vinculo
437 583 629 642 tenebantur
648 583 778 644 Nostris
793 583 1011 660 obtemperare
1031 582 1167 642 mendatis

236 677 272 736 In
294 675 431 752 seipsos
452 680 619 752 praeterea
639 677 870 755 suscipiebant,
894 695 1026 754 suesque
1045 678 1169 739 iaciebant

237 767 459 838 subiectorum,
471 768 533 828 sibi
553 770 740 846 populorum
761 770 880 846 culpes.
896 771 1024 830 Etenim
1044 772 1082 844 si,
1097 775 1170 848 utpn

238 861 376 924 uteribus
390 860 575 922 inferiorum
589 867 718 938 peccate
732 863 928 937 tribuantur,
942 864 1011 924 sola
1024 863 1126 926 sufficit
1136 883 1170 922 ne·

239 955 414 1032 gligentia,
438 954 540 1015 veluti
569 955 682 1034 pergit
697 957 778 1016 idem
801 956 835 1016 S.
858 959 940 1039 Leo,
962 960 1047 1034 qnia
1067 960 1170 1034 inferio

238 1065 313 1108 rem
325 1049 481 1109 ordinum
493 1052 607 1124 cnlpae
618 1049 662 1108 nel
672 1051 780 1110 nullos
792 1053 899 1125 meeis
908 1051 1100 1127 referendae
1109 1059 1167 1120 not,

239 1159 339 1220 qnam
352 1142 396 1202 ad
415 1141 538 1202 desides
559 1143 823 1220 neplipentesqee
837 1150 982 1216 rectores,
1000 1146 1061 1220 qni
1079 1151 1169 1203 metes

238 1256 331 1316 saepe
344 1242 503 1300 nutrient
519 1242 760 1316 pestilentiam,
775 1241 853 1299 dnm
873 1245 1091 1302 neeessariam
1109 1243 1166 1300 tiri

237 1335 368 1392 molant
375 1333 527 1392 adnitere
534 1333 732 1394 medicinam
743 1331 928 1411 (l);quant0
936 1335 1042 1412 magis
1058 1335 1160 1394 damur·

237 1425 270 1485 di
292 1428 387 1485 erunt
407 1425 442 1485 bi
463 1425 603 1486 infelices
624 1424 778 1502 episcopi,
794 1426 848 1502 qui
869 1426 938 1486 loco
960 1428 1123 1488 adhibendi
1136 1443 1160 1486 e·

238 1519 378 1583 rentium
398 1520 518 1580 morbis
538 1519 674 1580 medicus
694 1537 816 1594 manus,
831 1537 887 1580 sue
906 1522 1112 1594 auctoritato,
1123 1537 1165 1580 suo

237 1632 297 1691 que
318 1617 461 1693 exemplo
475 1617 569 1677 bonos
591 1617 741 1678 etiamad
763 1616 881 1677 malum
902 1617 1118 1695 impulerunt?

299 1709 583 1770 vehementissime
604 1729 680 1772 vero
708 1710 807 1771 Nobis
828 1711 914 1770 dolet
934 1711 1003 1788 ipse
1026 1707 1167 1772 schismatis

237 1801 330 1862 huius
343 1820 539 1880 progressus,
548 1803 602 1880 qui
617 1819 784 1880 numquam
799 1803 1037 1880 poteritdebitn
1051 1801 1167 1865 orationi

238 1896 399 1972 gravitate
420 1897 668 1956 commemorari.
691 1897 768 1956 Oum
796 1896 880 1955 enim
900 1898 1094 1960 Nostrarum
1110 1911 1169 1970 supe

236 1989 357 2050 riorum
378 1989 563 2050 litterarum
592 1993 732 2066 tempore
754 2007 813 2048 non
835 1989 1076 2052 innotescerent
1093 1987 1167 2056 Nobis,

238 2084 299 2143 nisi
315 2092 389 2144 -octe
410 2086 534 2144 tentum
557 2083 694 2160 episcopi
716 2083 869 2160 sacrilege
890 2086 1082 2159 consecrati,
1095 2082 1167 2144 etin·

237 2176 287 2253 pie
309 2177 341 2237 in
363 2176 496 2238 totidem
517 2177 673 2238 Ecclesias
687 2176 817 2250 intrusi,
833 2176 927 2254 paulo
949 2183 1025 2254 post
1046 2173 1166 2238 infaustis·

238 2269 335 2329 simus
355 2269 451 2332 Nobis
473 2271 604 2330 nuncius
625 2270 767 2344 advenit,
789 2273 856 2331 tem
877 2271 989 2332 multis
1011 2269 1160 2332 manusb·

237 2361 356 2440 positas
377 2362 497 2423 nefarie
517 2363 624 2438 fuisse,
642 2367 679 2423 ut
699 2363 788 2424 brevi
809 2364 932 2424 dierum
954 2366 1060 2442 spatio
1081 2369 1157 2444 seut·

190 2495 192 2502 ι
235 2473 326 2516 mnes
345 2455 438 2516 istius
459 2457 551 2534 regni
571 2457 729 2518 Ecclesiae
750 2459 790 2518 ab
810 2457 945 2519 intrusis
967 2460 1160 2521 fuerintne

237 2554 342 2628 pane.
436 2595 440 2604 .

207 2689 217 2698 ³
299 2653 334 2714 Si
347 2657 474 2723 sanctus
484 2655 678 2717 Athanasius
693 2658 725 2716 in
747 2657 912 2720 invasione
929 2661 1034 2720 nnius
1044 2657 1166 2722 Ecclesiae

237 2746 483 2821 Alexandrinae,
500 2765 592 2824 quam
617 2747 774 2827 Georpine
794 2769 856 2828 per
877 2753 1021 2813 edietum
1039 2747 1167 2831 principit

237 2849 352 2903 contra
373 2858 535 2901 canonem
555 2843 857 2906 Ecclesiasticornm
879 2849 1123 2908 instructionem
1138 2855 1167 2898 ⁰⁰·

237 2937 421 3012 cupaverat,
435 2933 504 2993 iure
516 2953 552 2994 ae
563 2936 675 2995 meritc
686 2937 718 2995 in
730 2939 806 2998 haec
818 2939 916 2998 verbu
929 2941 1088 3018 prorupit:
1100 2935 1168 2995 nen

235 3043 336 3104 qnam
349 3027 530 3104 qnietqnem
545 3030 609 3087 tale
623 3029 774 3090 anditum
785 3039 832 3090 est
848 3033 885 3090 in
901 3033 976 3091 orbe
992 3039 1166 3092 terrerem...

235 3119 332 3179 Nnnc
344 3122 500 3180 nniversa
513 3120 661 3182 Ecclesia
676 3125 872 3202 inimicent
886 3127 1003 3202 effecto
1010 3146 1025 3196 ,-
1038 3132 1070 3184 et
1089 3131 1169 3182 sucre

230 3213 266 3272 ri
269 3228 325 3270 nm
339 3215 563 3274 contumeliose
575 3215 732 3288 habitem,
745 3224 786 3288 et,
802 3217 892 3293 pecul
901 3219 1009 3295 meeis
1023 3227 1078 3284 est,
1089 3217 1169 3292 piem

235 3305 274 3362 ab
296 3306 463 3381 impietate
485 3309 741 3382 persecutionem
757 3294 943 3386 perpetiter
957 3354 1064 3371 .....
1081 3303 1168 3368 eteris

297 3432 331 3485 tl)
348 3430 639 3491 neminemneminer
657 3435 810 3493 Episcopum
830 3434 1026 3496 Aquileienssm,
1047 3432 1111 3496 spui
1126 3425 1168 3478 lsi·

233 3501 309 3556 beum
318 3519 388 3556 num.
402 3509 440 3556 18.
450 3507 504 3556 tom
521 3511 553 3556 V.
563 3508 603 3557 ool
614 3509 683 3558 1318.
695 3508 745 3557 litt.
756 3511 785 3556 B.
