<?xml version="1.0" encoding="UTF-8"?>
<!DOCTYPE html PUBLIC "-//W3C//DTD XHTML 1.0 Transitional//EN"
    "http://www.w3.org/TR/xhtml1/DTD/xhtml1-transitional.dtd">
<html xmlns="http://www.w3.org/1999/xhtml" xml:lang="en" lang="en">
 <head>
  <title>
</title>
<meta http-equiv="Content-Type" content="text/html;charset=utf-8" />
  <meta name='ocr-system' content='tesseract 3.04.00' />
  <meta name='ocr-capabilities' content='ocr_page ocr_carea ocr_par ocr_line ocrx_word'/>
</head>
<body>
  <div class='ocr_page' id='page_1' title='image "./piivipontmaxact00piusgoog_0189.png"; bbox 0 0 2386 4194; ppageno 0'>
   <div class='ocr_carea' id='block_1_1' title="bbox 614 194 793 255">
    <p class='ocr_par' dir='ltr' id='par_1_1' title="bbox 614 194 793 255">
     <span class='ocr_line' id='line_1_1' title="bbox 614 194 793 255; baseline 0 -1"><span class='ocrx_word' id='word_1_1' title='bbox 614 194 793 255; x_wconf 80' lang='lat'>-172-</span> 
     </span>
    </p>
   </div>
   <div class='ocr_carea' id='block_1_2' title="bbox 217 290 1176 3562">
    <p class='ocr_par' dir='ltr' id='par_1_2' title="bbox 217 290 1176 3562">
     <span class='ocr_line' id='line_1_2' title="bbox 221 290 1164 378; baseline -0.005 -17"><span class='ocrx_word' id='word_1_2' title='bbox 221 301 287 378; x_wconf 86' lang='lat' dir='ltr'><strong>ipsa</strong></span> <span class='ocrx_word' id='word_1_3' title='bbox 300 301 360 360; x_wconf 83' lang='lat' dir='ltr'><strong>Tui</strong></span> <span class='ocrx_word' id='word_1_4' title='bbox 375 290 491 360; x_wconf 90' lang='lat' dir='ltr'><strong>doloris</strong></span> <span class='ocrx_word' id='word_1_5' title='bbox 512 299 664 360; x_wconf 86' lang='lat' dir='ltr'><strong>societate</strong></span> <span class='ocrx_word' id='word_1_6' title='bbox 678 299 811 361; x_wconf 82' lang='lat' dir='ltr'><strong>levavit.</strong></span> <span class='ocrx_word' id='word_1_7' title='bbox 830 300 1097 375; x_wconf 82' lang='lat' dir='ltr'><strong>Supervacanenm</strong></span> <span class='ocrx_word' id='word_1_8' title='bbox 1110 300 1164 375; x_wconf 88' lang='lat' dir='ltr'><strong>qui-</strong></span> 
     </span>
     <span class='ocr_line' id='line_1_3' title="bbox 222 387 1176 470; baseline -0.005 -16"><span class='ocrx_word' id='word_1_9' title='bbox 222 397 290 454; x_wconf 89' lang='lat' dir='ltr'><strong>dam</strong></span> <span class='ocrx_word' id='word_1_10' title='bbox 305 396 366 466; x_wconf 84' lang='lat' dir='ltr'><strong>est,</strong></span> <span class='ocrx_word' id='word_1_11' title='bbox 383 396 419 453; x_wconf 92' lang='lat' dir='ltr'><strong>ut</strong></span> <span class='ocrx_word' id='word_1_12' title='bbox 433 394 483 453; x_wconf 95' lang='lat' dir='ltr'><strong>bic</strong></span> <span class='ocrx_word' id='word_1_13' title='bbox 497 393 694 454; x_wconf 86' lang='lat' dir='ltr'><strong>Eminentiae</strong></span> <span class='ocrx_word' id='word_1_14' title='bbox 709 395 794 453; x_wconf 87' lang='lat' dir='ltr'><strong>Tuae</strong></span> <span class='ocrx_word' id='word_1_15' title='bbox 813 392 982 464; x_wconf 80' lang='lat' dir='ltr'>declarem,</span> <span class='ocrx_word' id='word_1_16' title='bbox 998 387 1176 470; x_wconf 36' lang='lat' dir='ltr'><strong>quanta&#39;ille,</strong></span> 
     </span>
     <span class='ocr_line' id='line_1_4' title="bbox 218 481 1176 564; baseline -0.001 -17"><span class='ocrx_word' id='word_1_17' title='bbox 218 481 435 547; x_wconf 79' lang='lat' dir='ltr'><strong>&#39;so&#39;llioitudinc</strong></span> <span class='ocrx_word' id='word_1_18' title='bbox 463 487 539 564; x_wconf 88' lang='lat' dir='ltr'><strong>pene</strong></span> <span class='ocrx_word' id='word_1_19' title='bbox 561 488 714 548; x_wconf 78' lang='lat' dir='ltr'><strong>obruatur</strong></span> <span class='ocrx_word' id='word_1_20' title='bbox 741 481 780 546; x_wconf 92' lang='lat' dir='ltr'><strong>ob</strong></span> <span class='ocrx_word' id='word_1_21' title='bbox 801 490 965 564; x_wconf 79' lang='lat' dir='ltr'><strong>tantopere</strong></span> <span class='ocrx_word' id='word_1_22' title='bbox 986 481 1176 564; x_wconf 73' lang='lat' dir='ltr'><strong>perturbatori</strong></span> 
     </span>
     <span class='ocr_line' id='line_1_5' title="bbox 222 574 1167 659; baseline -0.002 -18"><span class='ocrx_word' id='word_1_23' title='bbox 222 598 259 641; x_wconf 86' lang='lat' dir='ltr'><strong>ac</strong></span> <span class='ocrx_word' id='word_1_24' title='bbox 272 579 435 658; x_wconf 86' lang='lat' dir='ltr'><strong>prolapsas</strong></span> <span class='ocrx_word' id='word_1_25' title='bbox 455 581 612 642; x_wconf 80' lang='lat' dir='ltr'><strong>Ecclesiae</strong></span> <span class='ocrx_word' id='word_1_26' title='bbox 624 575 797 659; x_wconf 84' lang='lat' dir='ltr'><strong>gallicanae</strong></span> <span class='ocrx_word' id='word_1_27' title='bbox 812 598 875 654; x_wconf 89' lang='lat' dir='ltr'><strong>res,</strong></span> <span class='ocrx_word' id='word_1_28' title='bbox 892 583 928 640; x_wconf 91' lang='lat' dir='ltr'><strong>ut</strong></span> <span class='ocrx_word' id='word_1_29' title='bbox 942 579 1025 639; x_wconf 85' lang='lat' dir='ltr'><strong>nihil</strong></span> <span class='ocrx_word' id='word_1_30' title='bbox 1047 574 1117 640; x_wconf 87' lang='lat' dir='ltr'><strong>adso</strong></span> <span class='ocrx_word' id='word_1_31' title='bbox 1131 598 1167 640; x_wconf 87' lang='lat' dir='ltr'><strong>sa·</strong></span> 
     </span>
     <span class='ocr_line' id='line_1_6' title="bbox 223 673 1166 753; baseline -0.001 -20"><span class='ocrx_word' id='word_1_32' title='bbox 223 692 310 734; x_wconf 89' lang='lat' dir='ltr'><strong>crum</strong></span> <span class='ocrx_word' id='word_1_33' title='bbox 333 693 368 735; x_wconf 92' lang='lat' dir='ltr'><strong>ac</strong></span> <span class='ocrx_word' id='word_1_34' title='bbox 390 678 551 736; x_wconf 86' lang='lat' dir='ltr'><strong>vetustate</strong></span> <span class='ocrx_word' id='word_1_35' title='bbox 572 676 655 753; x_wconf 86' lang='lat' dir='ltr'><strong>ipsa,</strong></span> <span class='ocrx_word' id='word_1_36' title='bbox 677 679 770 752; x_wconf 88' lang='lat' dir='ltr'><strong>atque</strong></span> <span class='ocrx_word' id='word_1_37' title='bbox 792 673 984 735; x_wconf 86' lang='lat' dir='ltr'><strong>auctoritate</strong></span> <span class='ocrx_word' id='word_1_38' title='bbox 1006 674 1166 733; x_wconf 88' lang='lat' dir='ltr'><strong>venerabile</strong></span> 
     </span>
     <span class='ocr_line' id='line_1_7' title="bbox 223 768 1165 847; baseline 0 -19"><span class='ocrx_word' id='word_1_39' title='bbox 223 769 279 840; x_wconf 88' lang='lat' dir='ltr'><strong>sit,</strong></span> <span class='ocrx_word' id='word_1_40' title='bbox 295 770 374 845; x_wconf 89' lang='lat' dir='ltr'><strong>quod</strong></span> <span class='ocrx_word' id='word_1_41' title='bbox 391 787 449 830; x_wconf 88' lang='lat' dir='ltr'><strong>non</strong></span> <span class='ocrx_word' id='word_1_42' title='bbox 465 768 532 830; x_wconf 89' lang='lat' dir='ltr'><strong>illic</strong></span> <span class='ocrx_word' id='word_1_43' title='bbox 553 788 611 847; x_wconf 88' lang='lat' dir='ltr'><strong>per</strong></span> <span class='ocrx_word' id='word_1_44' title='bbox 625 787 777 830; x_wconf 85' lang='lat' dir='ltr'><strong>summam</strong></span> <span class='ocrx_word' id='word_1_45' title='bbox 793 768 952 829; x_wconf 73' lang='lat' dir='ltr'><strong>licentiam</strong></span> <span class='ocrx_word' id='word_1_46' title='bbox 975 787 1011 829; x_wconf 93' lang='lat' dir='ltr'><strong>ac</strong></span> <span class='ocrx_word' id='word_1_47' title='bbox 1026 769 1165 829; x_wconf 85' lang='lat' dir='ltr'><strong>libidinem</strong></span> 
     </span>
     <span class='ocr_line' id='line_1_8' title="bbox 223 863 1165 941; baseline -0.001 -19"><span class='ocrx_word' id='word_1_48' title='bbox 223 863 384 938; x_wconf 78' lang='lat' dir='ltr'><strong>turbetur,</strong></span> <span class='ocrx_word' id='word_1_49' title='bbox 399 864 640 940; x_wconf 85' lang='lat' dir='ltr'><strong>pessumdetur,</strong></span> <span class='ocrx_word' id='word_1_50' title='bbox 663 882 699 924; x_wconf 93' lang='lat' dir='ltr'><strong>ac</strong></span> <span class='ocrx_word' id='word_1_51' title='bbox 720 865 913 941; x_wconf 88' lang='lat' dir='ltr'><strong>proteratur.</strong></span> <span class='ocrx_word' id='word_1_52' title='bbox 932 863 999 940; x_wconf 86' lang='lat' dir='ltr'><strong>lpse</strong></span> <span class='ocrx_word' id='word_1_53' title='bbox 1021 864 1102 923; x_wconf 90' lang='lat' dir='ltr'><strong>enim</strong></span> <span class='ocrx_word' id='word_1_54' title='bbox 1120 864 1165 922; x_wconf 89' lang='lat' dir='ltr'><strong>iau</strong></span> 
     </span>
     <span class='ocr_line' id='line_1_9' title="bbox 223 955 1164 1034; baseline -0.001 -20"><span class='ocrx_word' id='word_1_55' title='bbox 223 955 255 1014; x_wconf 89' lang='lat' dir='ltr'><strong>in</strong></span> <span class='ocrx_word' id='word_1_56' title='bbox 278 957 354 1017; x_wconf 82' lang='lat' dir='ltr'><strong>Tuis</strong></span> <span class='ocrx_word' id='word_1_57' title='bbox 382 957 494 1018; x_wconf 80' lang='lat' dir='ltr'><strong>fateris</strong></span> <span class='ocrx_word' id='word_1_58' title='bbox 515 957 657 1030; x_wconf 90' lang='lat' dir='ltr'><strong>litteris,</strong></span> <span class='ocrx_word' id='word_1_59' title='bbox 680 959 724 1016; x_wconf 81' lang='lat' dir='ltr'><strong>Te</strong></span> <span class='ocrx_word' id='word_1_60' title='bbox 746 956 931 1033; x_wconf 84' lang='lat' dir='ltr'><strong>praevidere</strong></span> <span class='ocrx_word' id='word_1_61' title='bbox 951 959 1086 1034; x_wconf 86' lang='lat' dir='ltr'><strong>quantas</strong></span> <span class='ocrx_word' id='word_1_62' title='bbox 1105 956 1164 1014; x_wconf 88' lang='lat' dir='ltr'><strong>iden</strong></span> 
     </span>
     <span class='ocr_line' id='line_1_10' title="bbox 222 1049 1165 1128; baseline -0.003 -18"><span class='ocrx_word' id='word_1_63' title='bbox 222 1049 429 1112; x_wconf 89' lang='lat' dir='ltr'><strong>Beatissimus</strong></span> <span class='ocrx_word' id='word_1_64' title='bbox 450 1053 547 1112; x_wconf 87' lang='lat' dir='ltr'><strong>Pater</strong></span> <span class='ocrx_word' id='word_1_65' title='bbox 562 1069 617 1128; x_wconf 93' lang='lat' dir='ltr'><strong>pro</strong></span> <span class='ocrx_word' id='word_1_66' title='bbox 632 1053 690 1111; x_wconf 92' lang='lat' dir='ltr'><strong>hoc</strong></span> <span class='ocrx_word' id='word_1_67' title='bbox 705 1053 845 1127; x_wconf 91' lang='lat' dir='ltr'><strong>tempore</strong></span> <span class='ocrx_word' id='word_1_68' title='bbox 858 1068 950 1110; x_wconf 92' lang='lat' dir='ltr'><strong>curas</strong></span> <span class='ocrx_word' id='word_1_69' title='bbox 964 1052 1082 1128; x_wconf 85' lang='lat' dir='ltr'><strong>agitet,</strong></span> <span class='ocrx_word' id='word_1_70' title='bbox 1096 1068 1165 1126; x_wconf 85' lang='lat' dir='ltr'><strong>quse·</strong></span> 
     </span>
     <span class='ocr_line' id='line_1_11' title="bbox 222 1135 1163 1221; baseline -0.001 -18"><span class='ocrx_word' id='word_1_71' title='bbox 222 1161 281 1221; x_wconf 87' lang='lat' dir='ltr'><strong>que</strong></span> <span class='ocrx_word' id='word_1_72' title='bbox 302 1145 365 1204; x_wconf 89' lang='lat' dir='ltr'><strong>iam</strong></span> <span class='ocrx_word' id='word_1_73' title='bbox 380 1162 439 1204; x_wconf 92' lang='lat' dir='ltr'><strong>non</strong></span> <span class='ocrx_word' id='word_1_74' title='bbox 463 1143 567 1220; x_wconf 89' lang='lat' dir='ltr'><strong>dubia,</strong></span> <span class='ocrx_word' id='word_1_75' title='bbox 584 1148 637 1207; x_wconf 89' lang='lat' dir='ltr'><strong>sed</strong></span> <span class='ocrx_word' id='word_1_76' title='bbox 658 1143 915 1204; x_wconf 87' lang='lat' dir='ltr'><strong>constantissima</strong></span> <span class='ocrx_word' id='word_1_77' title='bbox 934 1135 1069 1204; x_wconf 87' lang='lat' dir='ltr'><strong>consilia</strong></span> <span class='ocrx_word' id='word_1_78' title='bbox 1088 1161 1163 1203; x_wconf 88' lang='lat' dir='ltr'><strong>susce·</strong></span> 
     </span>
     <span class='ocr_line' id='line_1_12' title="bbox 221 1237 1161 1315; baseline -0.006 -18"><span class='ocrx_word' id='word_1_79' title='bbox 221 1237 317 1315; x_wconf 88' lang='lat' dir='ltr'><strong>perit.</strong></span> <span class='ocrx_word' id='word_1_80' title='bbox 335 1239 421 1305; x_wconf 89' lang='lat' dir='ltr'><strong>Quod</strong></span> <span class='ocrx_word' id='word_1_81' title='bbox 443 1237 505 1297; x_wconf 86' lang='lat' dir='ltr'><strong>iam</strong></span> <span class='ocrx_word' id='word_1_82' title='bbox 521 1238 737 1314; x_wconf 82' lang='lat' dir='ltr'><strong>praevidebas,</strong></span> <span class='ocrx_word' id='word_1_83' title='bbox 753 1255 834 1298; x_wconf 90' lang='lat' dir='ltr'><strong>nunc</strong></span> <span class='ocrx_word' id='word_1_84' title='bbox 855 1237 1019 1314; x_wconf 86' lang='lat' dir='ltr'><strong>perspicue</strong></span> <span class='ocrx_word' id='word_1_85' title='bbox 1042 1253 1161 1314; x_wconf 85' lang='lat' dir='ltr'><strong>agnosces</strong></span> 
     </span>
     <span class='ocr_line' id='line_1_13' title="bbox 221 1327 1157 1410; baseline -0.001 -20"><span class='ocrx_word' id='word_1_86' title='bbox 221 1347 260 1390; x_wconf 85' lang='lat' dir='ltr'><strong>ex</strong></span> <span class='ocrx_word' id='word_1_87' title='bbox 284 1329 442 1390; x_wconf 92' lang='lat' dir='ltr'><strong>nonnullis</strong></span> <span class='ocrx_word' id='word_1_88' title='bbox 470 1331 634 1391; x_wconf 76' lang='lat' dir='ltr'><strong>Pontificio</strong></span> <span class='ocrx_word' id='word_1_89' title='bbox 665 1330 863 1410; x_wconf 85' lang='lat' dir='ltr'><strong>gravissimis</strong></span> <span class='ocrx_word' id='word_1_90' title='bbox 884 1331 1092 1409; x_wconf 69' lang='lat' dir='ltr'><strong>Epistolisin</strong></span> <span class='ocrx_word' id='word_1_91' title='bbox 1112 1327 1157 1390; x_wconf 84' lang='lat' dir='ltr'><strong>od-</strong></span> 
     </span>
     <span class='ocr_line' id='line_1_14' title="bbox 222 1419 1157 1504; baseline 0.004 -21"><span class='ocrx_word' id='word_1_92' title='bbox 222 1423 297 1484; x_wconf 85' lang='lat' dir='ltr'><strong>liam</strong></span> <span class='ocrx_word' id='word_1_93' title='bbox 320 1423 446 1495; x_wconf 89' lang='lat' dir='ltr'><strong>missis,</strong></span> <span class='ocrx_word' id='word_1_94' title='bbox 462 1441 594 1502; x_wconf 89' lang='lat' dir='ltr'><strong>quarum</strong></span> <span class='ocrx_word' id='word_1_95' title='bbox 624 1426 767 1503; x_wconf 86' lang='lat' dir='ltr'><strong>exempla</strong></span> <span class='ocrx_word' id='word_1_96' title='bbox 789 1426 850 1486; x_wconf 85' lang='lat' dir='ltr'><strong>iam</strong></span> <span class='ocrx_word' id='word_1_97' title='bbox 874 1426 941 1487; x_wconf 90' lang='lat' dir='ltr'><strong>illic</strong></span> <span class='ocrx_word' id='word_1_98' title='bbox 963 1425 1112 1504; x_wconf 86' lang='lat' dir='ltr'><strong>vulgata,</strong></span> <span class='ocrx_word' id='word_1_99' title='bbox 1130 1419 1157 1479; x_wconf 73' lang='lat' dir='ltr'><strong>ui</strong></span> 
     </span>
     <span class='ocr_line' id='line_1_15' title="bbox 221 1519 1161 1598; baseline -0.005 -21"><span class='ocrx_word' id='word_1_100' title='bbox 221 1519 449 1594; x_wconf 89' lang='lat' dir='ltr'><strong>quamprimum</strong></span> <span class='ocrx_word' id='word_1_101' title='bbox 465 1519 624 1596; x_wconf 81' lang='lat' dir='ltr'><strong>vulganda</strong></span> <span class='ocrx_word' id='word_1_102' title='bbox 639 1519 768 1579; x_wconf 89' lang='lat' dir='ltr'><strong>minime</strong></span> <span class='ocrx_word' id='word_1_103' title='bbox 782 1519 905 1594; x_wconf 89' lang='lat' dir='ltr'><strong>dubito,</strong></span> <span class='ocrx_word' id='word_1_104' title='bbox 918 1520 991 1598; x_wconf 91' lang='lat' dir='ltr'><strong>quin</strong></span> <span class='ocrx_word' id='word_1_105' title='bbox 1007 1521 1047 1580; x_wconf 88' lang='lat' dir='ltr'><strong>ad</strong></span> <span class='ocrx_word' id='word_1_106' title='bbox 1064 1520 1105 1578; x_wconf 88' lang='lat' dir='ltr'><strong>Te</strong></span> <span class='ocrx_word' id='word_1_107' title='bbox 1117 1530 1161 1592; x_wconf 76' lang='lat' dir='ltr'><strong>per·</strong></span> 
     </span>
     <span class='ocr_line' id='line_1_16' title="bbox 221 1608 1161 1690; baseline -0.005 -20"><span class='ocrx_word' id='word_1_108' title='bbox 221 1611 391 1686; x_wconf 81' lang='lat' dir='ltr'><strong>venerint,</strong></span> <span class='ocrx_word' id='word_1_109' title='bbox 418 1610 470 1671; x_wconf 81' lang='lat' dir='ltr'><strong>vel</strong></span> <span class='ocrx_word' id='word_1_110' title='bbox 492 1611 556 1671; x_wconf 89' lang='lat' dir='ltr'><strong>cito</strong></span> <span class='ocrx_word' id='word_1_111' title='bbox 588 1613 654 1672; x_wconf 90' lang='lat' dir='ltr'><strong>siut</strong></span> <span class='ocrx_word' id='word_1_112' title='bbox 682 1619 887 1690; x_wconf 83' lang='lat' dir='ltr'><strong>perventura.</strong></span> <span class='ocrx_word' id='word_1_113' title='bbox 911 1615 1038 1690; x_wconf 84' lang='lat' dir='ltr'><strong>Aperte·</strong></span> <span class='ocrx_word' id='word_1_114' title='bbox 1060 1612 1090 1670; x_wconf 91' lang='lat' dir='ltr'><strong>in</strong></span> <span class='ocrx_word' id='word_1_115' title='bbox 1109 1608 1161 1686; x_wconf 81' lang='lat' dir='ltr'><strong>ipsis</strong></span> 
     </span>
     <span class='ocr_line' id='line_1_17' title="bbox 221 1703 1163 1784; baseline -0.003 -20"><span class='ocrx_word' id='word_1_116' title='bbox 221 1703 363 1783; x_wconf 90' lang='lat' dir='ltr'><strong>epistolis</strong></span> <span class='ocrx_word' id='word_1_117' title='bbox 385 1705 463 1780; x_wconf 88' lang='lat' dir='ltr'><strong>suis,</strong></span> <span class='ocrx_word' id='word_1_118' title='bbox 480 1705 532 1783; x_wconf 92' lang='lat' dir='ltr'><strong>qui</strong></span> <span class='ocrx_word' id='word_1_119' title='bbox 547 1707 706 1766; x_wconf 87' lang='lat' dir='ltr'><strong>Pontifioii</strong></span> <span class='ocrx_word' id='word_1_120' title='bbox 723 1708 799 1780; x_wconf 88' lang='lat' dir='ltr'><strong>sint,</strong></span> <span class='ocrx_word' id='word_1_121' title='bbox 816 1708 1010 1784; x_wconf 87' lang='lat' dir='ltr'><strong>Sanctaeque</strong></span> <span class='ocrx_word' id='word_1_122' title='bbox 1030 1707 1116 1766; x_wconf 88' lang='lat' dir='ltr'><strong>huius</strong></span> <span class='ocrx_word' id='word_1_123' title='bbox 1127 1706 1163 1762; x_wconf 79' lang='lat' dir='ltr'><strong>Se</strong></span> 
     </span>
     <span class='ocr_line' id='line_1_18' title="bbox 221 1798 1160 1878; baseline -0.005 -19"><span class='ocrx_word' id='word_1_124' title='bbox 221 1799 280 1872; x_wconf 90' lang='lat' dir='ltr'><strong>dis,</strong></span> <span class='ocrx_word' id='word_1_125' title='bbox 297 1817 333 1859; x_wconf 89' lang='lat' dir='ltr'><strong>ac</strong></span> <span class='ocrx_word' id='word_1_126' title='bbox 351 1799 517 1860; x_wconf 85' lang='lat' dir='ltr'><strong>universae</strong></span> <span class='ocrx_word' id='word_1_127' title='bbox 532 1800 711 1861; x_wconf 79' lang='lat' dir='ltr'><strong>catholicae</strong></span> <span class='ocrx_word' id='word_1_128' title='bbox 725 1800 882 1862; x_wconf 87' lang='lat' dir='ltr'><strong>Ecclesiae</strong></span> <span class='ocrx_word' id='word_1_129' title='bbox 898 1819 1006 1860; x_wconf 88' lang='lat' dir='ltr'><strong>sensus</strong></span> <span class='ocrx_word' id='word_1_130' title='bbox 1021 1798 1160 1878; x_wconf 77' lang='lat' dir='ltr'><strong>expromit</strong></span> 
     </span>
     <span class='ocr_line' id='line_1_19' title="bbox 220 1890 1162 1970; baseline -0.004 -18"><span class='ocrx_word' id='word_1_131' title='bbox 220 1891 378 1969; x_wconf 88' lang='lat' dir='ltr'><strong>improbat</strong></span> <span class='ocrx_word' id='word_1_132' title='bbox 399 1893 542 1955; x_wconf 88' lang='lat' dir='ltr'><strong>invectas</strong></span> <span class='ocrx_word' id='word_1_133' title='bbox 564 1895 595 1950; x_wconf 92' lang='lat' dir='ltr'><strong>in</strong></span> <span class='ocrx_word' id='word_1_134' title='bbox 618 1911 740 1954; x_wconf 87' lang='lat' dir='ltr'><strong>sacrum</strong></span> <span class='ocrx_word' id='word_1_135' title='bbox 756 1894 894 1970; x_wconf 83' lang='lat' dir='ltr'><strong>regimen</strong></span> <span class='ocrx_word' id='word_1_136' title='bbox 918 1895 1093 1967; x_wconf 87' lang='lat' dir='ltr'><strong>novitates;</strong></span> <span class='ocrx_word' id='word_1_137' title='bbox 1106 1890 1162 1951; x_wconf 85' lang='lat' dir='ltr'><strong>abii·</strong></span> 
     </span>
     <span class='ocr_line' id='line_1_20' title="bbox 221 1975 1161 2064; baseline -0.005 -18"><span class='ocrx_word' id='word_1_138' title='bbox 221 1986 266 2047; x_wconf 89' lang='lat' dir='ltr'><strong>cit</strong></span> <span class='ocrx_word' id='word_1_139' title='bbox 284 2004 320 2046; x_wconf 89' lang='lat' dir='ltr'><strong>ac</strong></span> <span class='ocrx_word' id='word_1_140' title='bbox 335 1988 470 2047; x_wconf 86' lang='lat' dir='ltr'><strong>damnat·</strong></span> <span class='ocrx_word' id='word_1_141' title='bbox 485 1985 707 2064; x_wconf 77' lang='lat' dir='ltr'><strong>episcopalium</strong></span> <span class='ocrx_word' id='word_1_142' title='bbox 724 1975 849 2046; x_wconf 86' lang='lat' dir='ltr'><strong>Sedium</strong></span> <span class='ocrx_word' id='word_1_143' title='bbox 865 2004 901 2047; x_wconf 90' lang='lat' dir='ltr'><strong>ac</strong></span> <span class='ocrx_word' id='word_1_144' title='bbox 917 1986 1103 2046; x_wconf 83' lang='lat' dir='ltr'><strong>dioecesium</strong></span> <span class='ocrx_word' id='word_1_145' title='bbox 1117 2001 1161 2043; x_wconf 88' lang='grc' dir='ltr'>ιιι·</span> 
     </span>
     <span class='ocr_line' id='line_1_21' title="bbox 222 2078 1160 2158; baseline -0.009 -18"><span class='ocrx_word' id='word_1_146' title='bbox 222 2080 371 2151; x_wconf 83' lang='lat' dir='ltr'><strong>tationes,</strong></span> <span class='ocrx_word' id='word_1_147' title='bbox 388 2097 441 2138; x_wconf 90' lang='lat' dir='ltr'><strong>seu</strong></span> <span class='ocrx_word' id='word_1_148' title='bbox 464 2078 568 2156; x_wconf 90' lang='lat' dir='ltr'><strong>potius</strong></span> <span class='ocrx_word' id='word_1_149' title='bbox 591 2080 786 2152; x_wconf 86' lang='lat' dir='ltr'><strong>eversiones,</strong></span> <span class='ocrx_word' id='word_1_150' title='bbox 811 2097 958 2139; x_wconf 85' lang='lat' dir='ltr'><strong>verorum</strong></span> <span class='ocrx_word' id='word_1_151' title='bbox 988 2079 1160 2158; x_wconf 82' lang='lat' dir='ltr'><strong>expulsiones</strong></span> 
     </span>
     <span class='ocr_line' id='line_1_22' title="bbox 220 2177 1158 2257; baseline -0.005 -19"><span class='ocrx_word' id='word_1_152' title='bbox 220 2178 456 2257; x_wconf 87' lang='lat' dir='ltr'><strong>episcoporum,</strong></span> <span class='ocrx_word' id='word_1_153' title='bbox 479 2195 631 2237; x_wconf 86' lang='lat' dir='ltr'><strong>novorum</strong></span> <span class='ocrx_word' id='word_1_154' title='bbox 655 2177 868 2251; x_wconf 78' lang='lat' dir='ltr'><strong>intrusiones,</strong></span> <span class='ocrx_word' id='word_1_155' title='bbox 896 2177 1037 2238; x_wconf 87' lang='lat' dir='ltr'><strong>declarat</strong></span> <span class='ocrx_word' id='word_1_156' title='bbox 1055 2177 1158 2238; x_wconf 80' lang='lat' dir='ltr'><strong>iniusto</strong></span> 
     </span>
     <span class='ocr_line' id='line_1_23' title="bbox 219 2265 1156 2348; baseline -0.01 -14"><span class='ocrx_word' id='word_1_157' title='bbox 219 2289 325 2334; x_wconf 88' lang='lat' dir='ltr'><strong>rerum</strong></span> <span class='ocrx_word' id='word_1_158' title='bbox 348 2271 384 2331; x_wconf 93' lang='lat' dir='ltr'><strong>ad</strong></span> <span class='ocrx_word' id='word_1_159' title='bbox 402 2269 573 2330; x_wconf 79' lang='lat' dir='ltr'><strong>Ecclesiam</strong></span> <span class='ocrx_word' id='word_1_160' title='bbox 591 2271 818 2346; x_wconf 88' lang='lat' dir='ltr'><strong>pertinentium</strong></span> <span class='ocrx_word' id='word_1_161' title='bbox 836 2270 1096 2348; x_wconf 89' lang='lat' dir='ltr'><strong>exspoliationes,</strong></span> <span class='ocrx_word' id='word_1_162' title='bbox 1110 2265 1156 2326; x_wconf 56' lang='lat' dir='ltr'><strong>iri*</strong></span> 
     </span>
     <span class='ocr_line' id='line_1_24' title="bbox 222 2363 1158 2442; baseline -0.01 -16"><span class='ocrx_word' id='word_1_163' title='bbox 222 2369 271 2426; x_wconf 88' lang='lat' dir='ltr'><strong>tas</strong></span> <span class='ocrx_word' id='word_1_164' title='bbox 292 2363 481 2435; x_wconf 89' lang='lat' dir='ltr'><strong>electiones,</strong></span> <span class='ocrx_word' id='word_1_165' title='bbox 504 2364 690 2441; x_wconf 82' lang='lat' dir='ltr'><strong>illegitimos</strong></span> <span class='ocrx_word' id='word_1_166' title='bbox 720 2365 855 2438; x_wconf 85' lang='lat' dir='ltr'><strong>electos;</strong></span> <span class='ocrx_word' id='word_1_167' title='bbox 883 2367 1056 2442; x_wconf 88' lang='lat' dir='ltr'><strong>contraque</strong></span> <span class='ocrx_word' id='word_1_168' title='bbox 1082 2365 1158 2422; x_wconf 83' lang='lat' dir='ltr'><strong>cetera</strong></span> 
     </span>
     <span class='ocr_line' id='line_1_25' title="bbox 220 2457 1159 2535; baseline -0.005 -19"><span class='ocrx_word' id='word_1_169' title='bbox 220 2457 398 2517; x_wconf 89' lang='lat' dir='ltr'><strong>huiusmodi</strong></span> <span class='ocrx_word' id='word_1_170' title='bbox 420 2458 458 2516; x_wconf 88' lang='lat' dir='ltr'><strong>de</strong></span> <span class='ocrx_word' id='word_1_171' title='bbox 472 2457 627 2535; x_wconf 87' lang='lat' dir='ltr'><strong>religione</strong></span> <span class='ocrx_word' id='word_1_172' title='bbox 649 2460 776 2518; x_wconf 89' lang='lat' dir='ltr'><strong>decreta</strong></span> <span class='ocrx_word' id='word_1_173' title='bbox 789 2457 954 2528; x_wconf 89' lang='lat' dir='ltr'><strong>reclamat,</strong></span> <span class='ocrx_word' id='word_1_174' title='bbox 969 2461 1064 2534; x_wconf 89' lang='lat' dir='ltr'><strong>atque</strong></span> <span class='ocrx_word' id='word_1_175' title='bbox 1083 2457 1159 2515; x_wconf 89' lang='lat' dir='ltr'><strong>insor-</strong></span> 
     </span>
     <span class='ocr_line' id='line_1_26' title="bbox 219 2543 1157 2629; baseline -0.006 -19"><span class='ocrx_word' id='word_1_176' title='bbox 219 2552 279 2629; x_wconf 84' lang='lat' dir='ltr'><strong>git.</strong></span> <span class='ocrx_word' id='word_1_177' title='bbox 295 2553 365 2612; x_wconf 92' lang='lat' dir='ltr'><strong>Non</strong></span> <span class='ocrx_word' id='word_1_178' title='bbox 389 2550 440 2609; x_wconf 93' lang='lat' dir='ltr'><strong>hic</strong></span> <span class='ocrx_word' id='word_1_179' title='bbox 462 2553 565 2610; x_wconf 89' lang='lat' dir='ltr'><strong>tamen</strong></span> <span class='ocrx_word' id='word_1_180' title='bbox 590 2550 677 2610; x_wconf 87' lang='lat' dir='ltr'><strong>sistit</strong></span> <span class='ocrx_word' id='word_1_181' title='bbox 692 2551 841 2610; x_wconf 88' lang='lat' dir='ltr'><strong>eiusmodi</strong></span> <span class='ocrx_word' id='word_1_182' title='bbox 866 2549 1058 2625; x_wconf 89' lang='lat' dir='ltr'><strong>sollicitudo,</strong></span> <span class='ocrx_word' id='word_1_183' title='bbox 1075 2552 1118 2610; x_wconf 91' lang='lat' dir='ltr'><strong>sed</strong></span> <span class='ocrx_word' id='word_1_184' title='bbox 1134 2543 1157 2604; x_wconf 85' lang='lat' dir='ltr'><strong>ai</strong></span> 
     </span>
     <span class='ocr_line' id='line_1_27' title="bbox 220 2640 1159 2722; baseline -0.01 -18"><span class='ocrx_word' id='word_1_185' title='bbox 220 2643 374 2704; x_wconf 88' lang='lat' dir='ltr'><strong>ulteriora</strong></span> <span class='ocrx_word' id='word_1_186' title='bbox 396 2640 612 2721; x_wconf 83' lang='lat' dir='ltr'><strong>progreditur,</strong></span> <span class='ocrx_word' id='word_1_187' title='bbox 629 2661 708 2721; x_wconf 86' lang='lat' dir='ltr'><strong>quae</strong></span> <span class='ocrx_word' id='word_1_188' title='bbox 731 2645 769 2703; x_wconf 91' lang='lat' dir='ltr'><strong>ab</strong></span> <span class='ocrx_word' id='word_1_189' title='bbox 791 2642 964 2722; x_wconf 89' lang='lat' dir='ltr'><strong>apostolico</strong></span> <span class='ocrx_word' id='word_1_190' title='bbox 978 2645 1037 2704; x_wconf 92' lang='lat' dir='ltr'><strong>sibi</strong></span> <span class='ocrx_word' id='word_1_191' title='bbox 1060 2653 1159 2704; x_wconf 82' lang='lat' dir='ltr'><strong>munere</strong></span> 
     </span>
     <span class='ocr_line' id='line_1_28' title="bbox 217 2735 1157 2815; baseline -0.01 -20"><span class='ocrx_word' id='word_1_192' title='bbox 217 2736 434 2812; x_wconf 90' lang='lat' dir='ltr'><strong>imponuntur.</strong></span> <span class='ocrx_word' id='word_1_193' title='bbox 463 2739 587 2813; x_wconf 87' lang='lat' dir='ltr'><strong>lamque</strong></span> <span class='ocrx_word' id='word_1_194' title='bbox 614 2736 785 2815; x_wconf 82' lang='lat' dir='ltr'><strong>impressae</strong></span> <span class='ocrx_word' id='word_1_195' title='bbox 814 2735 901 2814; x_wconf 84' lang='lat' dir='ltr'><strong>typis</strong></span> <span class='ocrx_word' id='word_1_196' title='bbox 922 2737 1157 2796; x_wconf 87' lang='lat' dir='ltr'><strong>transmittuntur</strong></span> 
     </span>
     <span class='ocr_line' id='line_1_29' title="bbox 218 2819 1156 2908; baseline -0.007 -20"><span class='ocrx_word' id='word_1_197' title='bbox 218 2829 250 2888; x_wconf 95' lang='lat' dir='ltr'><strong>in</strong></span> <span class='ocrx_word' id='word_1_198' title='bbox 284 2829 420 2890; x_wconf 73' lang='lat' dir='ltr'><strong>Galliam</strong></span> <span class='ocrx_word' id='word_1_199' title='bbox 456 2831 646 2892; x_wconf 78' lang='lat' dir='ltr'><strong>sanctitatis</strong></span> <span class='ocrx_word' id='word_1_200' title='bbox 668 2831 748 2890; x_wconf 89' lang='lat' dir='ltr'><strong>Suae</strong></span> <span class='ocrx_word' id='word_1_201' title='bbox 769 2830 936 2904; x_wconf 87' lang='lat' dir='ltr'><strong>Litterae,</strong></span> <span class='ocrx_word' id='word_1_202' title='bbox 959 2830 991 2888; x_wconf 94' lang='lat' dir='ltr'><strong>in</strong></span> <span class='ocrx_word' id='word_1_203' title='bbox 1013 2830 1117 2908; x_wconf 90' lang='lat' dir='ltr'><strong>quibus</strong></span> <span class='ocrx_word' id='word_1_204' title='bbox 1133 2819 1156 2881; x_wconf 82' lang='lat' dir='ltr'><strong>ad</strong></span> 
     </span>
     <span class='ocr_line' id='line_1_30' title="bbox 217 2919 1158 3002; baseline -0.005 -19"><span class='ocrx_word' id='word_1_205' title='bbox 217 2923 384 2984; x_wconf 86' lang='lat' dir='ltr'><strong>nonnullas</strong></span> <span class='ocrx_word' id='word_1_206' title='bbox 405 2924 587 3001; x_wconf 90' lang='lat' dir='ltr'><strong>proceditur</strong></span> <span class='ocrx_word' id='word_1_207' title='bbox 607 2925 772 2984; x_wconf 86' lang='lat' dir='ltr'><strong>canonicas</strong></span> <span class='ocrx_word' id='word_1_208' title='bbox 794 2941 918 3000; x_wconf 87' lang='lat' dir='ltr'><strong>poenas,</strong></span> <span class='ocrx_word' id='word_1_209' title='bbox 933 2941 990 3000; x_wconf 87' lang='lat' dir='ltr'><strong>per</strong></span> <span class='ocrx_word' id='word_1_210' title='bbox 1010 2940 1085 3002; x_wconf 91' lang='lat' dir='ltr'><strong>quas</strong></span> <span class='ocrx_word' id='word_1_211' title='bbox 1103 2919 1158 2978; x_wconf 84' lang='lat' dir='ltr'><strong>fide·</strong></span> 
     </span>
     <span class='ocr_line' id='line_1_31' title="bbox 217 3016 1155 3095; baseline -0.002 -19"><span class='ocrx_word' id='word_1_212' title='bbox 217 3016 265 3076; x_wconf 87' lang='lat' dir='ltr'><strong>les</strong></span> <span class='ocrx_word' id='word_1_213' title='bbox 280 3035 398 3090; x_wconf 89' lang='lat' dir='ltr'><strong>omnes,</strong></span> <span class='ocrx_word' id='word_1_214' title='bbox 411 3035 446 3077; x_wconf 91' lang='lat' dir='ltr'><strong>ac</strong></span> <span class='ocrx_word' id='word_1_215' title='bbox 460 3019 648 3095; x_wconf 88' lang='lat' dir='ltr'><strong>pracsertim</strong></span> <span class='ocrx_word' id='word_1_216' title='bbox 668 3017 875 3078; x_wconf 87' lang='lat' dir='ltr'><strong>ecclesiastici</strong></span> <span class='ocrx_word' id='word_1_217' title='bbox 898 3017 949 3077; x_wconf 88' lang='lat' dir='ltr'><strong>vel</strong></span> <span class='ocrx_word' id='word_1_218' title='bbox 972 3017 1155 3078; x_wconf 69' lang='lat' dir='ltr'><strong>retineantur,</strong></span> 
     </span>
     <span class='ocr_line' id='line_1_32' title="bbox 219 3105 1155 3189; baseline -0.004 -19"><span class='ocrx_word' id='word_1_219' title='bbox 219 3129 256 3170; x_wconf 91' lang='lat' dir='ltr'><strong>ne</strong></span> <span class='ocrx_word' id='word_1_220' title='bbox 278 3112 309 3170; x_wconf 93' lang='lat' dir='ltr'><strong>in</strong></span> <span class='ocrx_word' id='word_1_221' title='bbox 332 3129 432 3187; x_wconf 81' lang='lat' dir='ltr'><strong>prava</strong></span> <span class='ocrx_word' id='word_1_222' title='bbox 460 3112 592 3173; x_wconf 85' lang='lat' dir='ltr'><strong>consilia</strong></span> <span class='ocrx_word' id='word_1_223' title='bbox 613 3114 786 3189; x_wconf 87' lang='lat' dir='ltr'><strong>proruant,</strong></span> <span class='ocrx_word' id='word_1_224' title='bbox 810 3111 861 3170; x_wconf 82' lang='lat' dir='ltr'><strong>vel</strong></span> <span class='ocrx_word' id='word_1_225' title='bbox 883 3111 935 3188; x_wconf 91' lang='lat' dir='ltr'><strong>qui</strong></span> <span class='ocrx_word' id='word_1_226' title='bbox 957 3108 1095 3188; x_wconf 89' lang='lat' dir='ltr'><strong>prolapsi</strong></span> <span class='ocrx_word' id='word_1_227' title='bbox 1113 3105 1155 3162; x_wconf 76' lang='lat' dir='ltr'><strong>ium</strong></span> 
     </span>
     <span class='ocr_line' id='line_1_33' title="bbox 219 3200 1156 3281; baseline -0.005 -18"><span class='ocrx_word' id='word_1_228' title='bbox 219 3208 303 3275; x_wconf 87' lang='lat' dir='ltr'><strong>sunt,</strong></span> <span class='ocrx_word' id='word_1_229' title='bbox 321 3206 358 3263; x_wconf 90' lang='lat' dir='ltr'><strong>ad</strong></span> <span class='ocrx_word' id='word_1_230' title='bbox 378 3203 509 3265; x_wconf 90' lang='lat' dir='ltr'><strong>officium</strong></span> <span class='ocrx_word' id='word_1_231' title='bbox 531 3208 732 3279; x_wconf 73' lang='lat' dir='ltr'><strong>revocentur,</strong></span> <span class='ocrx_word' id='word_1_232' title='bbox 748 3220 880 3281; x_wconf 89' lang='lat' dir='ltr'><strong>quarum</strong></span> <span class='ocrx_word' id='word_1_233' title='bbox 895 3203 1075 3280; x_wconf 86' lang='lat' dir='ltr'><strong>litterarum</strong></span> <span class='ocrx_word' id='word_1_234' title='bbox 1088 3200 1156 3277; x_wconf 77' lang='lat' dir='ltr'><strong>plura</strong></span> 
     </span>
     <span class='ocr_line' id='line_1_34' title="bbox 218 3287 1154 3373; baseline -0.01 -17"><span class='ocrx_word' id='word_1_235' title='bbox 218 3296 361 3373; x_wconf 85' lang='lat' dir='ltr'><strong>exempla</strong></span> <span class='ocrx_word' id='word_1_236' title='bbox 374 3300 413 3359; x_wconf 88' lang='lat' dir='ltr'><strong>ad</strong></span> <span class='ocrx_word' id='word_1_237' title='bbox 427 3299 636 3370; x_wconf 85' lang='lat' dir='ltr'><strong>Eminentiam</strong></span> <span class='ocrx_word' id='word_1_238' title='bbox 659 3299 778 3370; x_wconf 88' lang='lat' dir='ltr'><strong>Tuam,</strong></span> <span class='ocrx_word' id='word_1_239' title='bbox 801 3297 896 3358; x_wconf 87' lang='lat' dir='ltr'><strong>etiam</strong></span> <span class='ocrx_word' id='word_1_240' title='bbox 921 3314 991 3356; x_wconf 92' lang='lat' dir='ltr'><strong>cum</strong></span> <span class='ocrx_word' id='word_1_241' title='bbox 1017 3287 1154 3356; x_wconf 76' lang='lat' dir='ltr'><strong>Pontificio</strong></span> 
     </span>
     <span class='ocr_line' id='line_1_35' title="bbox 217 3389 1154 3468; baseline -0.002 -21"><span class='ocrx_word' id='word_1_242' title='bbox 217 3389 373 3466; x_wconf 86' lang='lat' dir='ltr'><strong>peculiari</strong></span> <span class='ocrx_word' id='word_1_243' title='bbox 394 3391 529 3467; x_wconf 90' lang='lat' dir='ltr'><strong>epistola</strong></span> <span class='ocrx_word' id='word_1_244' title='bbox 549 3395 624 3451; x_wconf 89' lang='lat' dir='ltr'><strong>sunt</strong></span> <span class='ocrx_word' id='word_1_245' title='bbox 646 3409 745 3468; x_wconf 87' lang='lat' dir='ltr'><strong>nuper</strong></span> <span class='ocrx_word' id='word_1_246' title='bbox 767 3389 963 3450; x_wconf 86' lang='lat' dir='ltr'><strong>transmissa.</strong></span> <span class='ocrx_word' id='word_1_247' title='bbox 986 3390 1104 3450; x_wconf 90' lang='lat' dir='ltr'><strong>Utinam</strong></span> <span class='ocrx_word' id='word_1_248' title='bbox 1122 3398 1154 3438; x_wconf 68' lang='grc' dir='ltr'>ιι·</span> 
     </span>
     <span class='ocr_line' id='line_1_36' title="bbox 219 3473 1153 3562; baseline -0.004 -22"><span class='ocrx_word' id='word_1_249' title='bbox 219 3482 262 3543; x_wconf 92' lang='lat' dir='ltr'><strong>tis</strong></span> <span class='ocrx_word' id='word_1_250' title='bbox 276 3484 353 3544; x_wconf 88' lang='lat' dir='ltr'><strong>haec</strong></span> <span class='ocrx_word' id='word_1_251' title='bbox 367 3501 435 3544; x_wconf 74' lang='lat' dir='ltr'><strong>aare</strong></span> <span class='ocrx_word' id='word_1_252' title='bbox 449 3484 581 3560; x_wconf 89' lang='lat' dir='ltr'><strong>possint,</strong></span> <span class='ocrx_word' id='word_1_253' title='bbox 599 3489 635 3544; x_wconf 91' lang='lat' dir='ltr'><strong>ut</strong></span> <span class='ocrx_word' id='word_1_254' title='bbox 656 3488 821 3562; x_wconf 85' lang='lat' dir='ltr'><strong>tantopere</strong></span> <span class='ocrx_word' id='word_1_255' title='bbox 836 3483 1038 3561; x_wconf 85' lang='lat' dir='ltr'><strong>perturbatae</strong></span> <span class='ocrx_word' id='word_1_256' title='bbox 1059 3481 1087 3540; x_wconf 90' lang='lat' dir='ltr'><strong>in</strong></span> <span class='ocrx_word' id='word_1_257' title='bbox 1099 3473 1153 3536; x_wconf 79' lang='lat' dir='ltr'><strong>Gul-</strong></span> 
     </span>
    </p>
   </div>
   <div class='ocr_carea' id='block_1_3' title="bbox 0 0 1198 4194">
    <p class='ocr_par' dir='ltr' id='par_1_3' title="bbox 0 0 1198 4194">
     <span class='ocr_line' id='line_1_37' title="bbox 0 0 1198 4194; baseline 0 2"><span class='ocrx_word' id='word_1_258' title='bbox 0 0 1198 4194; x_wconf 95' lang='lat' dir='ltr'><strong> </strong></span> 
     </span>
    </p>
   </div>
  </div>
 </body>
</html>
