<?xml version="1.0" encoding="UTF-8"?>
<!DOCTYPE html PUBLIC "-//W3C//DTD XHTML 1.0 Transitional//EN"
    "http://www.w3.org/TR/xhtml1/DTD/xhtml1-transitional.dtd">
<html xmlns="http://www.w3.org/1999/xhtml" xml:lang="en" lang="en">
 <head>
  <title>
</title>
<meta http-equiv="Content-Type" content="text/html;charset=utf-8" />
  <meta name='ocr-system' content='tesseract 3.04.00' />
  <meta name='ocr-capabilities' content='ocr_page ocr_carea ocr_par ocr_line ocrx_word'/>
</head>
<body>
  <div class='ocr_page' id='page_1' title='image "./piivipontmaxact00piusgoog_0452.png"; bbox 0 0 2374 4196; ppageno 0'>
   <div class='ocr_carea' id='block_1_1' title="bbox 368 191 547 250">
    <p class='ocr_par' dir='ltr' id='par_1_1' title="bbox 368 191 547 250">
     <span class='ocr_line' id='line_1_1' title="bbox 368 191 547 250; baseline -0.017 0"><span class='ocrx_word' id='word_1_1' title='bbox 368 221 406 236; x_wconf 92' lang='lat'><em>-</em></span> <span class='ocrx_word' id='word_1_2' title='bbox 428 191 547 250; x_wconf 79' lang='lat' dir='ltr'><strong>‹lct-</strong></span> 
     </span>
    </p>
   </div>
   <div class='ocr_carea' id='block_1_2' title="bbox 15 293 950 2428">
    <p class='ocr_par' dir='ltr' id='par_1_2' title="bbox 15 293 950 2428">
     <span class='ocr_line' id='line_1_2' title="bbox 15 293 862 366; baseline -0.004 -9"><span class='ocrx_word' id='word_1_3' title='bbox 15 295 67 357; x_wconf 72' lang='grc'><strong>1791</strong></span> <span class='ocrx_word' id='word_1_4' title='bbox 87 299 104 357; x_wconf 80' lang='lat' dir='ltr'><strong>l</strong></span> <span class='ocrx_word' id='word_1_5' title='bbox 123 295 296 362; x_wconf 79' lang='lat' dir='ltr'><strong>Maii-coo</strong></span> <span class='ocrx_word' id='word_1_6' title='bbox 312 295 704 366; x_wconf 77' lang='lat' dir='ltr'><strong>zuoto.aromepisoopts</strong></span> <span class='ocrx_word' id='word_1_7' title='bbox 728 299 764 355; x_wconf 87' lang='lat' dir='ltr'><strong>ct</strong></span> <span class='ocrx_word' id='word_1_8' title='bbox 780 293 862 366; x_wconf 73' lang='lat' dir='ltr'><strong>apr-</strong></span> 
     </span>
     <span class='ocr_line' id='line_1_3' title="bbox 87 386 862 464; baseline -0.006 -14"><span class='ocrx_word' id='word_1_9' title='bbox 87 393 200 462; x_wconf 84' lang='lat' dir='ltr'><strong>aoopta</strong></span> <span class='ocrx_word' id='word_1_10' title='bbox 226 392 324 462; x_wconf 70' lang='lat' dir='ltr'><strong>regni</strong></span> <span class='ocrx_word' id='word_1_11' title='bbox 349 391 552 450; x_wconf 77' lang='lat' dir='ltr'><strong>Galliarum.</strong></span> <span class='ocrx_word' id='word_1_12' title='bbox 581 389 658 448; x_wconf 83' lang='lat' dir='ltr'><strong>(lum</strong></span> <span class='ocrx_word' id='word_1_13' title='bbox 686 386 862 464; x_wconf 83' lang='lat' dir='ltr'><strong>Religionis</strong></span> 
     </span>
     <span class='ocr_line' id='line_1_4' title="bbox 87 479 863 562; baseline -0.004 -20"><span class='ocrx_word' id='word_1_14' title='bbox 87 483 239 562; x_wconf 79' lang='lat' dir='ltr'><strong>mysteria</strong></span> <span class='ocrx_word' id='word_1_15' title='bbox 258 487 291 542; x_wconf 90' lang='lat' dir='ltr'><strong>et</strong></span> <span class='ocrx_word' id='word_1_16' title='bbox 311 481 525 546; x_wconf 87' lang='lat' dir='ltr'><strong>caeremoniae</strong></span> <span class='ocrx_word' id='word_1_17' title='bbox 547 481 649 558; x_wconf 92' lang='lat' dir='ltr'><strong>palam</strong></span> <span class='ocrx_word' id='word_1_18' title='bbox 670 499 706 542; x_wconf 92' lang='lat' dir='ltr'><strong>ac</strong></span> <span class='ocrx_word' id='word_1_19' title='bbox 727 479 863 542; x_wconf 84' lang='lat' dir='ltr'><strong>servatis</strong></span> 
     </span>
     <span class='ocr_line' id='line_1_5' title="bbox 86 571 866 652; baseline -0.004 -16"><span class='ocrx_word' id='word_1_20' title='bbox 86 574 240 636; x_wconf 74' lang='lat' dir='ltr'><strong>Ecclesiae</strong></span> <span class='ocrx_word' id='word_1_21' title='bbox 261 573 384 651; x_wconf 79' lang='lat' dir='ltr'><strong>legibus</strong></span> <span class='ocrx_word' id='word_1_22' title='bbox 406 575 513 651; x_wconf 80' lang='lat' dir='ltr'><strong>peragi</strong></span> <span class='ocrx_word' id='word_1_23' title='bbox 537 592 596 633; x_wconf 93' lang='lat' dir='ltr'><strong>non</strong></span> <span class='ocrx_word' id='word_1_24' title='bbox 617 575 749 652; x_wconf 87' lang='lat' dir='ltr'><strong>possint,</strong></span> <span class='ocrx_word' id='word_1_25' title='bbox 765 571 866 634; x_wconf 79' lang='lat' dir='ltr'><strong>facul·</strong></span> 
     </span>
     <span class='ocr_line' id='line_1_6' title="bbox 87 666 865 745; baseline -0.006 -13"><span class='ocrx_word' id='word_1_26' title='bbox 87 675 181 732; x_wconf 87' lang='lat' dir='ltr'><strong>tatem</strong></span> <span class='ocrx_word' id='word_1_27' title='bbox 196 673 233 732; x_wconf 89' lang='lat' dir='ltr'><strong>ad</strong></span> <span class='ocrx_word' id='word_1_28' title='bbox 251 673 373 745; x_wconf 87' lang='lat' dir='ltr'><strong>tempus</strong></span> <span class='ocrx_word' id='word_1_29' title='bbox 392 669 578 728; x_wconf 90' lang='lat' dir='ltr'><strong>duraturam</strong></span> <span class='ocrx_word' id='word_1_30' title='bbox 592 667 708 728; x_wconf 91' lang='lat' dir='ltr'><strong>eisdem</strong></span> <span class='ocrx_word' id='word_1_31' title='bbox 723 666 865 728; x_wconf 87' lang='lat' dir='ltr'><strong>concedit</strong></span> 
     </span>
     <span class='ocr_line' id='line_1_7' title="bbox 88 760 865 838; baseline -0.001 -17"><span class='ocrx_word' id='word_1_32' title='bbox 88 761 287 822; x_wconf 90' lang='lat' dir='ltr'><strong>consecrandi</strong></span> <span class='ocrx_word' id='word_1_33' title='bbox 305 777 394 822; x_wconf 90' lang='lat' dir='ltr'><strong>sacra</strong></span> <span class='ocrx_word' id='word_1_34' title='bbox 409 761 562 820; x_wconf 85' lang='lat' dir='ltr'><strong>olearum</strong></span> <span class='ocrx_word' id='word_1_35' title='bbox 578 760 773 838; x_wconf 82' lang='lat' dir='ltr'><strong>presbyteris</strong></span> <span class='ocrx_word' id='word_1_36' title='bbox 787 777 865 838; x_wconf 90' lang='lat' dir='ltr'><strong>quos</strong></span> 
     </span>
     <span class='ocr_line' id='line_1_8' title="bbox 86 853 943 931; baseline -0.002 -17"><span class='ocrx_word' id='word_1_37' title='bbox 86 856 248 931; x_wconf 90' lang='lat' dir='ltr'><strong>potuerint</strong></span> <span class='ocrx_word' id='word_1_38' title='bbox 267 855 383 913; x_wconf 90' lang='lat' dir='ltr'><strong>habere</strong></span> <span class='ocrx_word' id='word_1_39' title='bbox 403 857 436 912; x_wconf 90' lang='lat' dir='ltr'><strong>et</strong></span> <span class='ocrx_word' id='word_1_40' title='bbox 457 853 553 912; x_wconf 90' lang='lat' dir='ltr'><strong>etiam</strong></span> <span class='ocrx_word' id='word_1_41' title='bbox 574 859 667 913; x_wconf 83' lang='lat' dir='ltr'><strong>extra</strong></span> <span class='ocrx_word' id='word_1_42' title='bbox 687 854 769 914; x_wconf 91' lang='lat' dir='ltr'><strong>diem</strong></span> <span class='ocrx_word' id='word_1_43' title='bbox 790 855 867 914; x_wconf 82' lang='lat' dir='ltr'><strong>Ooo-</strong></span> <span class='ocrx_word' id='word_1_44' title='bbox 896 853 900 862; x_wconf 92' lang='lat'>&#39;</span> <span class='ocrx_word' id='word_1_45' title='bbox 941 857 943 864; x_wconf 83' lang='grc'>’</span> 
     </span>
     <span class='ocr_line' id='line_1_9' title="bbox 89 946 867 1018; baseline 0 -10"><span class='ocrx_word' id='word_1_46' title='bbox 89 968 144 1012; x_wconf 89' lang='lat' dir='ltr'><strong>nae</strong></span> <span class='ocrx_word' id='word_1_47' title='bbox 172 947 313 1018; x_wconf 88' lang='lat' dir='ltr'><strong>Domini,</strong></span> <span class='ocrx_word' id='word_1_48' title='bbox 340 946 479 1006; x_wconf 82' lang='lat' dir='ltr'><strong>Olericos</strong></span> <span class='ocrx_word' id='word_1_49' title='bbox 499 947 536 1005; x_wconf 90' lang='lat' dir='ltr'><strong>ad</strong></span> <span class='ocrx_word' id='word_1_50' title='bbox 560 946 695 1006; x_wconf 89' lang='lat' dir='ltr'><strong>minores</strong></span> <span class='ocrx_word' id='word_1_51' title='bbox 717 951 750 1006; x_wconf 92' lang='lat' dir='ltr'><strong>et</strong></span> <span class='ocrx_word' id='word_1_52' title='bbox 771 949 867 1008; x_wconf 89' lang='lat' dir='ltr'><strong>maio-</strong></span> 
     </span>
     <span class='ocr_line' id='line_1_10' title="bbox 85 1040 866 1116; baseline -0.004 -13"><span class='ocrx_word' id='word_1_53' title='bbox 85 1061 134 1103; x_wconf 90' lang='lat' dir='ltr'><strong>res</strong></span> <span class='ocrx_word' id='word_1_54' title='bbox 155 1042 281 1102; x_wconf 82' lang='lat' dir='ltr'><strong>ordines</strong></span> <span class='ocrx_word' id='word_1_55' title='bbox 302 1044 396 1099; x_wconf 85' lang='lat' dir='ltr'><strong>extra</strong></span> <span class='ocrx_word' id='word_1_56' title='bbox 418 1043 560 1116; x_wconf 89' lang='lat' dir='ltr'><strong>tempora</strong></span> <span class='ocrx_word' id='word_1_57' title='bbox 583 1043 617 1099; x_wconf 91' lang='lat' dir='ltr'><strong>et</strong></span> <span class='ocrx_word' id='word_1_58' title='bbox 648 1056 708 1098; x_wconf 92' lang='lat' dir='ltr'><strong>non</strong></span> <span class='ocrx_word' id='word_1_59' title='bbox 730 1040 866 1100; x_wconf 81' lang='lat' dir='ltr'><strong>servatis</strong></span> 
     </span>
     <span class='ocr_line' id='line_1_11' title="bbox 85 1132 869 1211; baseline -0.005 -15"><span class='ocrx_word' id='word_1_60' title='bbox 85 1134 270 1197; x_wconf 76' lang='lat' dir='ltr'><strong>interstitiis</strong></span> <span class='ocrx_word' id='word_1_61' title='bbox 291 1133 504 1211; x_wconf 82' lang='lat' dir='ltr'><strong>promovendi,</strong></span> <span class='ocrx_word' id='word_1_62' title='bbox 527 1150 562 1192; x_wconf 92' lang='lat' dir='ltr'><strong>ac</strong></span> <span class='ocrx_word' id='word_1_63' title='bbox 583 1132 740 1210; x_wconf 79' lang='lat' dir='ltr'><strong>simplices</strong></span> <span class='ocrx_word' id='word_1_64' title='bbox 765 1149 869 1192; x_wconf 89' lang='lat' dir='ltr'><strong>sacer-</strong></span> 
     </span>
     <span class='ocr_line' id='line_1_12' title="bbox 86 1225 869 1304; baseline -0.008 -14"><span class='ocrx_word' id='word_1_65' title='bbox 86 1232 171 1291; x_wconf 89' lang='lat' dir='ltr'><strong>dotes</strong></span> <span class='ocrx_word' id='word_1_66' title='bbox 193 1226 436 1304; x_wconf 83' lang='lat' dir='ltr'><strong>subdclegandi,</strong></span> <span class='ocrx_word' id='word_1_67' title='bbox 457 1230 493 1285; x_wconf 91' lang='lat' dir='ltr'><strong>ut</strong></span> <span class='ocrx_word' id='word_1_68' title='bbox 515 1225 635 1303; x_wconf 87' lang='lat' dir='ltr'><strong>possint</strong></span> <span class='ocrx_word' id='word_1_69' title='bbox 661 1244 750 1288; x_wconf 90' lang='lat' dir='ltr'><strong>sacra</strong></span> <span class='ocrx_word' id='word_1_70' title='bbox 777 1234 869 1287; x_wconf 88' lang='lat' dir='ltr'><strong>uten-</strong></span> 
     </span>
     <span class='ocr_line' id='line_1_13' title="bbox 87 1319 870 1397; baseline -0.004 -14"><span class='ocrx_word' id='word_1_71' title='bbox 87 1323 159 1384; x_wconf 90' lang='lat' dir='ltr'><strong>silia</strong></span> <span class='ocrx_word' id='word_1_72' title='bbox 187 1321 389 1393; x_wconf 90' lang='lat' dir='ltr'><strong>benedicere;</strong></span> <span class='ocrx_word' id='word_1_73' title='bbox 419 1319 532 1380; x_wconf 88' lang='lat' dir='ltr'><strong>calices</strong></span> <span class='ocrx_word' id='word_1_74' title='bbox 561 1323 593 1380; x_wconf 90' lang='lat' dir='ltr'><strong>et</strong></span> <span class='ocrx_word' id='word_1_75' title='bbox 621 1323 750 1397; x_wconf 89' lang='lat' dir='ltr'><strong>patenas</strong></span> <span class='ocrx_word' id='word_1_76' title='bbox 786 1321 870 1380; x_wconf 88' lang='lat' dir='ltr'><strong>chri·</strong></span> 
     </span>
     <span class='ocr_line' id='line_1_14' title="bbox 85 1404 868 1489; baseline -0.004 -12"><span class='ocrx_word' id='word_1_77' title='bbox 85 1421 181 1477; x_wconf 87' lang='lat' dir='ltr'><strong>smate</strong></span> <span class='ocrx_word' id='word_1_78' title='bbox 196 1414 359 1475; x_wconf 90' lang='lat' dir='ltr'><strong>benedicto</strong></span> <span class='ocrx_word' id='word_1_79' title='bbox 384 1430 403 1473; x_wconf 90' lang='lat' dir='ltr'><strong>a</strong></span> <span class='ocrx_word' id='word_1_80' title='bbox 427 1413 580 1472; x_wconf 90' lang='lat' dir='ltr'><strong>catholieo</strong></span> <span class='ocrx_word' id='word_1_81' title='bbox 590 1414 741 1489; x_wconf 79' lang='lat' dir='ltr'><strong>Episcopo</strong></span> <span class='ocrx_word' id='word_1_82' title='bbox 762 1404 868 1474; x_wconf 88' lang='lat' dir='ltr'><strong>conse-</strong></span> 
     </span>
     <span class='ocr_line' id='line_1_15' title="bbox 86 1505 870 1584; baseline -0.005 -14"><span class='ocrx_word' id='word_1_83' title='bbox 86 1528 197 1582; x_wconf 87' lang='lat' dir='ltr'><strong>crare;</strong></span> <span class='ocrx_word' id='word_1_84' title='bbox 220 1512 253 1568; x_wconf 89' lang='lat' dir='ltr'><strong>et</strong></span> <span class='ocrx_word' id='word_1_85' title='bbox 274 1506 411 1584; x_wconf 90' lang='lat' dir='ltr'><strong>pollutas</strong></span> <span class='ocrx_word' id='word_1_86' title='bbox 432 1505 585 1566; x_wconf 88' lang='lat' dir='ltr'><strong>Ecclesias</strong></span> <span class='ocrx_word' id='word_1_87' title='bbox 607 1506 810 1567; x_wconf 90' lang='lat' dir='ltr'><strong>reconciliare</strong></span> <span class='ocrx_word' id='word_1_88' title='bbox 824 1511 870 1566; x_wconf 92' lang='lat' dir='ltr'><strong>et·</strong></span> 
     </span>
     <span class='ocr_line' id='line_1_16' title="bbox 86 1597 870 1679; baseline -0.004 -15"><span class='ocrx_word' id='word_1_89' title='bbox 86 1604 147 1665; x_wconf 92' lang='lat' dir='ltr'><strong>iam</strong></span> <span class='ocrx_word' id='word_1_90' title='bbox 170 1619 252 1679; x_wconf 88' lang='lat' dir='ltr'><strong>aqua</strong></span> <span class='ocrx_word' id='word_1_91' title='bbox 272 1600 311 1660; x_wconf 92' lang='lat' dir='ltr'><strong>ab</strong></span> <span class='ocrx_word' id='word_1_92' title='bbox 332 1597 482 1676; x_wconf 79' lang='lat' dir='ltr'><strong>Episcopo</strong></span> <span class='ocrx_word' id='word_1_93' title='bbox 508 1617 565 1658; x_wconf 92' lang='lat' dir='ltr'><strong>non</strong></span> <span class='ocrx_word' id='word_1_94' title='bbox 581 1599 755 1673; x_wconf 89' lang='lat' dir='ltr'><strong>benedicta,</strong></span> <span class='ocrx_word' id='word_1_95' title='bbox 770 1601 796 1659; x_wconf 89' lang='lat' dir='ltr'><strong>si</strong></span> <span class='ocrx_word' id='word_1_96' title='bbox 811 1602 870 1661; x_wconf 92' lang='lat' dir='ltr'><strong>hoc</strong></span> 
     </span>
     <span class='ocr_line' id='line_1_17' title="bbox 86 1694 950 1774; baseline -0.001 -17"><span class='ocrx_word' id='word_1_97' title='bbox 86 1714 207 1774; x_wconf 89' lang='lat' dir='ltr'><strong>quoque</strong></span> <span class='ocrx_word' id='word_1_98' title='bbox 220 1696 388 1754; x_wconf 84' lang='lat' dir='ltr'><strong>necessitas</strong></span> <span class='ocrx_word' id='word_1_99' title='bbox 399 1694 544 1770; x_wconf 83' lang='lat' dir='ltr'><strong>exegerit</strong></span> <span class='ocrx_word' id='word_1_100' title='bbox 580 1737 587 1753; x_wconf 94' lang='lat'><em>.</em></span> <span class='ocrx_word' id='word_1_101' title='bbox 633 1739 640 1754; x_wconf 91' lang='lat'><strong>.</strong></span> <span class='ocrx_word' id='word_1_102' title='bbox 686 1738 694 1754; x_wconf 89' lang='lat'><strong>.</strong></span> <span class='ocrx_word' id='word_1_103' title='bbox 739 1738 747 1754; x_wconf 91' lang='lat'><strong>.</strong></span> <span class='ocrx_word' id='word_1_104' title='bbox 791 1711 867 1772; x_wconf 75' lang='lat' dir='ltr'><strong>pap.</strong></span> <span class='ocrx_word' id='word_1_105' title='bbox 891 1695 950 1758; x_wconf 79' lang='lat' dir='ltr'><strong>lac</strong></span> 
     </span>
     <span class='ocr_line' id='line_1_18' title="bbox 94 1786 872 1864; baseline -0.001 -13"><span class='ocrx_word' id='word_1_106' title='bbox 94 1792 127 1852; x_wconf 84' lang='lat'><strong>15</strong></span> <span class='ocrx_word' id='word_1_107' title='bbox 147 1791 226 1852; x_wconf 89' lang='lat' dir='ltr'><strong>Maii</strong></span> <span class='ocrx_word' id='word_1_108' title='bbox 238 1786 473 1863; x_wconf 87' lang='lat' dir='ltr'><strong>·Rescriptum,</strong></span> <span class='ocrx_word' id='word_1_109' title='bbox 487 1806 547 1864; x_wconf 92' lang='lat' dir='ltr'><strong>quo</strong></span> <span class='ocrx_word' id='word_1_110' title='bbox 557 1791 597 1848; x_wconf 81' lang='lat' dir='ltr'><strong>ll.</strong></span> <span class='ocrx_word' id='word_1_111' title='bbox 614 1791 652 1848; x_wconf 77' lang='grc' dir='ltr'><strong>Ρ.</strong></span> <span class='ocrx_word' id='word_1_112' title='bbox 666 1793 708 1849; x_wconf 84' lang='lat' dir='ltr'><strong>D.</strong></span> <span class='ocrx_word' id='word_1_113' title='bbox 718 1791 872 1850; x_wconf 74' lang='lat' dir='ltr'><strong>Secreta·</strong></span> 
     </span>
     <span class='ocr_line' id='line_1_19' title="bbox 89 1882 872 1954; baseline -0.003 -9"><span class='ocrx_word' id='word_1_114' title='bbox 89 1887 140 1946; x_wconf 84' lang='lat' dir='ltr'><strong>rio</strong></span> <span class='ocrx_word' id='word_1_115' title='bbox 152 1889 188 1946; x_wconf 78' lang='lat' dir='ltr'><strong>S.</strong></span> <span class='ocrx_word' id='word_1_116' title='bbox 199 1882 482 1954; x_wconf 72' lang='lat' dir='ltr'><strong>congregacionis</strong></span> <span class='ocrx_word' id='word_1_117' title='bbox 497 1885 540 1941; x_wconf 90' lang='lat' dir='ltr'><strong>de</strong></span> <span class='ocrx_word' id='word_1_118' title='bbox 548 1883 775 1953; x_wconf 66' lang='lat' dir='ltr'><strong>Properando</strong></span> <span class='ocrx_word' id='word_1_119' title='bbox 784 1884 872 1943; x_wconf 75' lang='lat' dir='ltr'><strong>Fide</strong></span> 
     </span>
     <span class='ocr_line' id='line_1_20' title="bbox 90 1973 869 2050; baseline -0.003 -14"><span class='ocrx_word' id='word_1_120' title='bbox 90 1977 226 2038; x_wconf 81' lang='lat' dir='ltr'><strong>facultas</strong></span> <span class='ocrx_word' id='word_1_121' title='bbox 258 1975 413 2036; x_wconf 77' lang='lat' dir='ltr'><strong>tribuitur</strong></span> <span class='ocrx_word' id='word_1_122' title='bbox 443 1973 612 2050; x_wconf 89' lang='lat' dir='ltr'><strong>recipiendi</strong></span> <span class='ocrx_word' id='word_1_123' title='bbox 644 1992 679 2034; x_wconf 91' lang='lat' dir='ltr'><strong>ac</strong></span> <span class='ocrx_word' id='word_1_124' title='bbox 712 1974 869 2034; x_wconf 88' lang='lat' dir='ltr'><strong>referendi</strong></span> 
     </span>
     <span class='ocr_line' id='line_1_21' title="bbox 89 2063 870 2144; baseline -0.003 -14"><span class='ocrx_word' id='word_1_125' title='bbox 89 2071 218 2131; x_wconf 87' lang='lat' dir='ltr'><strong>Summo</strong></span> <span class='ocrx_word' id='word_1_126' title='bbox 226 2067 373 2130; x_wconf 85' lang='lat' dir='ltr'><strong>Pontifici</strong></span> <span class='ocrx_word' id='word_1_127' title='bbox 386 2067 555 2144; x_wconf 83' lang='lat' dir='ltr'><strong>petitiones</strong></span> <span class='ocrx_word' id='word_1_128' title='bbox 568 2063 793 2143; x_wconf 81' lang='lat' dir='ltr'><strong>promovendas</strong></span> <span class='ocrx_word' id='word_1_129' title='bbox 805 2073 870 2128; x_wconf 89' lang='lat' dir='ltr'><strong>tam</strong></span> 
     </span>
     <span class='ocr_line' id='line_1_22' title="bbox 90 2159 872 2237; baseline -0.005 -13"><span class='ocrx_word' id='word_1_130' title='bbox 90 2165 200 2226; x_wconf 81' lang='lat' dir='ltr'><strong>lavore</strong></span> <span class='ocrx_word' id='word_1_131' title='bbox 221 2161 451 2222; x_wconf 91' lang='lat' dir='ltr'><strong>catholicorum</strong></span> <span class='ocrx_word' id='word_1_132' title='bbox 473 2159 651 2237; x_wconf 84' lang='lat' dir='ltr'><strong>degentium</strong></span> <span class='ocrx_word' id='word_1_133' title='bbox 673 2161 705 2220; x_wconf 90' lang='lat' dir='ltr'><strong>in</strong></span> <span class='ocrx_word' id='word_1_134' title='bbox 726 2161 803 2221; x_wconf 89' lang='lat' dir='ltr'><strong>locis</strong></span> <span class='ocrx_word' id='word_1_135' title='bbox 818 2163 872 2220; x_wconf 90' lang='lat' dir='ltr'><strong>do·</strong></span> 
     </span>
     <span class='ocr_line' id='line_1_23' title="bbox 91 2253 872 2331; baseline -0.003 -14"><span class='ocrx_word' id='word_1_136' title='bbox 91 2257 188 2316; x_wconf 90' lang='lat' dir='ltr'><strong>minio</strong></span> <span class='ocrx_word' id='word_1_137' title='bbox 210 2253 470 2317; x_wconf 74' lang='lat' dir='ltr'><strong>christianissimi</strong></span> <span class='ocrx_word' id='word_1_138' title='bbox 493 2253 589 2329; x_wconf 84' lang='lat' dir='ltr'><strong>Regis</strong></span> <span class='ocrx_word' id='word_1_139' title='bbox 604 2253 764 2326; x_wconf 87' lang='lat' dir='ltr'><strong>subiectis,</strong></span> <span class='ocrx_word' id='word_1_140' title='bbox 780 2272 872 2331; x_wconf 90' lang='lat' dir='ltr'><strong>quam</strong></span> 
     </span>
     <span class='ocr_line' id='line_1_24' title="bbox 92 2346 874 2428; baseline -0.004 -17"><span class='ocrx_word' id='word_1_141' title='bbox 92 2369 147 2428; x_wconf 92' lang='lat' dir='ltr'><strong>pro</strong></span> <span class='ocrx_word' id='word_1_142' title='bbox 169 2346 406 2409; x_wconf 85' lang='lat' dir='ltr'><strong>conservatione</strong></span> <span class='ocrx_word' id='word_1_143' title='bbox 427 2364 463 2406; x_wconf 93' lang='lat' dir='ltr'><strong>ac</strong></span> <span class='ocrx_word' id='word_1_144' title='bbox 484 2346 631 2406; x_wconf 90' lang='lat' dir='ltr'><strong>ulteriori</strong></span> <span class='ocrx_word' id='word_1_145' title='bbox 652 2347 742 2406; x_wconf 86' lang='lat' dir='ltr'><strong>Fidei</strong></span> <span class='ocrx_word' id='word_1_146' title='bbox 764 2365 874 2426; x_wconf 92' lang='lat' dir='ltr'><strong>propa-</strong></span> 
     </span>
    </p>
   </div>
   <div class='ocr_carea' id='block_1_3' title="bbox 88 2439 955 2698">
    <p class='ocr_par' dir='ltr' id='par_1_3' title="bbox 88 2439 955 2698">
     <span class='ocr_line' id='line_1_25' title="bbox 92 2439 874 2521; baseline -0.008 -15"><span class='ocrx_word' id='word_1_147' title='bbox 92 2446 220 2521; x_wconf 75' lang='lat' dir='ltr'><strong>gatione</strong></span> <span class='ocrx_word' id='word_1_148' title='bbox 240 2443 277 2502; x_wconf 91' lang='lat' dir='ltr'><strong>ad</strong></span> <span class='ocrx_word' id='word_1_149' title='bbox 300 2441 404 2500; x_wconf 89' lang='lat' dir='ltr'><strong>instar</strong></span> <span class='ocrx_word' id='word_1_150' title='bbox 423 2439 558 2500; x_wconf 90' lang='lat' dir='ltr'><strong>aliorum</strong></span> <span class='ocrx_word' id='word_1_151' title='bbox 579 2439 731 2514; x_wconf 91' lang='lat' dir='ltr'><strong>locorum,</strong></span> <span class='ocrx_word' id='word_1_152' title='bbox 752 2440 785 2498; x_wconf 91' lang='lat' dir='ltr'><strong>in</strong></span> <span class='ocrx_word' id='word_1_153' title='bbox 806 2441 874 2518; x_wconf 91' lang='lat' dir='ltr'><strong>qui-</strong></span> 
     </span>
     <span class='ocr_line' id='line_1_26' title="bbox 88 2532 955 2614; baseline -0.003 -18"><span class='ocrx_word' id='word_1_154' title='bbox 88 2536 145 2596; x_wconf 91' lang='lat' dir='ltr'><strong>bus</strong></span> <span class='ocrx_word' id='word_1_155' title='bbox 168 2537 355 2614; x_wconf 78' lang='lat' dir='ltr'><strong>grassantur</strong></span> <span class='ocrx_word' id='word_1_156' title='bbox 377 2535 520 2592; x_wconf 75' lang='lat' dir='ltr'><strong>haereses</strong></span> <span class='ocrx_word' id='word_1_157' title='bbox 535 2576 810 2593; x_wconf 89' lang='grc'><strong>......</strong></span> <span class='ocrx_word' id='word_1_158' title='bbox 854 2532 955 2597; x_wconf 79' lang='lat'><strong>»202</strong></span> 
     </span>
     <span class='ocr_line' id='line_1_27' title="bbox 92 2627 876 2698; baseline -0.001 -10"><span class='ocrx_word' id='word_1_159' title='bbox 92 2628 130 2688; x_wconf 88' lang='lat'><strong>15</strong></span> <span class='ocrx_word' id='word_1_160' title='bbox 139 2627 345 2690; x_wconf 76' lang='lat' dir='ltr'><strong>Maii-card.</strong></span> <span class='ocrx_word' id='word_1_161' title='bbox 360 2631 403 2687; x_wconf 90' lang='lat' dir='ltr'><strong>de</strong></span> <span class='ocrx_word' id='word_1_162' title='bbox 415 2631 535 2686; x_wconf 78' lang='lat' dir='ltr'><strong>Rohan</strong></span> <span class='ocrx_word' id='word_1_163' title='bbox 548 2627 722 2698; x_wconf 78' lang='lat' dir='ltr'><strong>Episcopo</strong></span> <span class='ocrx_word' id='word_1_164' title='bbox 743 2629 876 2697; x_wconf 71' lang='lat' dir='ltr'><strong>Argon·</strong></span> 
     </span>
    </p>
   </div>
   <div class='ocr_carea' id='block_1_4' title="bbox 38 2719 940 3545">
    <p class='ocr_par' dir='ltr' id='par_1_4' title="bbox 38 2719 940 3545">
     <span class='ocr_line' id='line_1_28' title="bbox 91 2719 874 2797; baseline 0.001 -18"><span class='ocrx_word' id='word_1_165' title='bbox 91 2724 188 2783; x_wconf 87' lang='lat' dir='ltr'><strong>tinae</strong></span> <span class='ocrx_word' id='word_1_166' title='bbox 199 2719 332 2781; x_wconf 86' lang='lat' dir='ltr'><strong>facultas</strong></span> <span class='ocrx_word' id='word_1_167' title='bbox 344 2719 497 2780; x_wconf 86' lang='lat' dir='ltr'><strong>tribuitur</strong></span> <span class='ocrx_word' id='word_1_168' title='bbox 509 2720 640 2797; x_wconf 83' lang='lat' dir='ltr'><strong>perS.O.</strong></span> <span class='ocrx_word' id='word_1_169' title='bbox 653 2721 689 2778; x_wconf 88' lang='lat' dir='ltr'><strong>de</strong></span> <span class='ocrx_word' id='word_1_170' title='bbox 698 2720 874 2797; x_wconf 79' lang='lat' dir='ltr'><strong>Propllide</strong></span> 
     </span>
     <span class='ocr_line' id='line_1_29' title="bbox 90 2813 918 2890; baseline 0 -17"><span class='ocrx_word' id='word_1_171' title='bbox 90 2814 341 2875; x_wconf 77' lang='lat' dir='ltr'><strong>matrimoniales</strong></span> <span class='ocrx_word' id='word_1_172' title='bbox 369 2813 614 2890; x_wconf 85' lang='lat' dir='ltr'><strong>dispensationes</strong></span> <span class='ocrx_word' id='word_1_173' title='bbox 640 2814 815 2873; x_wconf 82' lang='lat' dir='ltr'><strong>verbaliter</strong></span> <span class='ocrx_word' id='word_1_174' title='bbox 842 2815 876 2873; x_wconf 91' lang='lat' dir='ltr'><strong>et</strong></span> <span class='ocrx_word' id='word_1_175' title='bbox 917 2813 918 2818; x_wconf 74' lang='grc'>’</span> 
     </span>
     <span class='ocr_line' id='line_1_30' title="bbox 90 2906 876 2984; baseline 0 -18"><span class='ocrx_word' id='word_1_176' title='bbox 90 2908 341 2984; x_wconf 87' lang='lat' dir='ltr'><strong>absquescripto,</strong></span> <span class='ocrx_word' id='word_1_177' title='bbox 352 2907 485 2966; x_wconf 90' lang='lat' dir='ltr'><strong>attentis</strong></span> <span class='ocrx_word' id='word_1_178' title='bbox 498 2906 755 2979; x_wconf 84' lang='lat' dir='ltr'><strong>circumstantiis,</strong></span> <span class='ocrx_word' id='word_1_179' title='bbox 769 2925 876 2966; x_wconf 91' lang='lat' dir='ltr'><strong>conce·</strong></span> 
     </span>
     <span class='ocr_line' id='line_1_31' title="bbox 91 2998 876 3076; baseline -0.001 -16"><span class='ocrx_word' id='word_1_180' title='bbox 91 3000 197 3074; x_wconf 82' lang='lat' dir='ltr'><strong>dendi3</strong></span> <span class='ocrx_word' id='word_1_181' title='bbox 218 3003 253 3059; x_wconf 88' lang='lat' dir='ltr'><strong>et</strong></span> <span class='ocrx_word' id='word_1_182' title='bbox 275 2998 467 3059; x_wconf 88' lang='lat' dir='ltr'><strong>necessariae</strong></span> <span class='ocrx_word' id='word_1_183' title='bbox 490 2998 632 3059; x_wconf 88' lang='lat' dir='ltr'><strong>cautelae</strong></span> <span class='ocrx_word' id='word_1_184' title='bbox 659 2999 876 3076; x_wconf 85' lang='lat' dir='ltr'><strong>praescribun-</strong></span> 
     </span>
     <span class='ocr_line' id='line_1_32' title="bbox 96 3091 940 3154; baseline -0.002 0"><span class='ocrx_word' id='word_1_185' title='bbox 96 3099 150 3154; x_wconf 92' lang='lat' dir='ltr'><strong>tur</strong></span> <span class='ocrx_word' id='word_1_186' title='bbox 164 3134 815 3154; x_wconf 91' lang='grc'><strong>.............</strong></span> <span class='ocrx_word' id='word_1_187' title='bbox 858 3091 940 3154; x_wconf 73' lang='lat' dir='ltr'><strong>sib.</strong></span> 
     </span>
     <span class='ocr_line' id='line_1_33' title="bbox 38 3184 877 3249; baseline 0.002 -5"><span class='ocrx_word' id='word_1_188' title='bbox 38 3201 55 3244; x_wconf 85' lang='lat'>›</span> <span class='ocrx_word' id='word_1_189' title='bbox 96 3189 136 3249; x_wconf 82' lang='lat'><strong>29</strong></span> <span class='ocrx_word' id='word_1_190' title='bbox 157 3186 238 3247; x_wconf 92' lang='lat' dir='ltr'><strong>lunii</strong></span> <span class='ocrx_word' id='word_1_191' title='bbox 250 3185 347 3245; x_wconf 85' lang='lat' dir='ltr'><strong>-Non</strong></span> <span class='ocrx_word' id='word_1_192' title='bbox 368 3184 569 3244; x_wconf 83' lang='lat' dir='ltr'><strong>mediocrem.</strong></span> <span class='ocrx_word' id='word_1_193' title='bbox 586 3188 686 3244; x_wconf 83' lang='lat' dir='ltr'><strong>card.</strong></span> <span class='ocrx_word' id='word_1_194' title='bbox 700 3189 743 3245; x_wconf 89' lang='lat' dir='ltr'><strong>de</strong></span> <span class='ocrx_word' id='word_1_195' title='bbox 757 3188 877 3247; x_wconf 80' lang='lat' dir='ltr'><strong>Rohau</strong></span> 
     </span>
     <span class='ocr_line' id='line_1_34' title="bbox 95 3277 879 3352; baseline -0.003 -12"><span class='ocrx_word' id='word_1_196' title='bbox 95 3283 269 3352; x_wconf 75' lang='lat' dir='ltr'><strong>Episcopo</strong></span> <span class='ocrx_word' id='word_1_197' title='bbox 290 3283 550 3350; x_wconf 74' lang='lat' dir='ltr'><strong>Argentorateu.</strong></span> <span class='ocrx_word' id='word_1_198' title='bbox 573 3279 696 3338; x_wconf 87' lang='lat' dir='ltr'><strong>Laudat</strong></span> <span class='ocrx_word' id='word_1_199' title='bbox 717 3277 785 3337; x_wconf 92' lang='lat' dir='ltr'><strong>eius</strong></span> <span class='ocrx_word' id='word_1_200' title='bbox 816 3278 879 3338; x_wconf 87' lang='lat' dir='ltr'><strong>sol·</strong></span> 
     </span>
     <span class='ocr_line' id='line_1_35' title="bbox 94 3371 879 3449; baseline -0.003 -15"><span class='ocrx_word' id='word_1_201' title='bbox 94 3374 292 3434; x_wconf 89' lang='lat' dir='ltr'><strong>licitudincm</strong></span> <span class='ocrx_word' id='word_1_202' title='bbox 312 3391 348 3432; x_wconf 91' lang='lat' dir='ltr'><strong>ac</strong></span> <span class='ocrx_word' id='word_1_203' title='bbox 370 3371 583 3449; x_wconf 87' lang='lat' dir='ltr'><strong>vigilantiam,</strong></span> <span class='ocrx_word' id='word_1_204' title='bbox 606 3389 662 3430; x_wconf 90' lang='lat' dir='ltr'><strong>nec</strong></span> <span class='ocrx_word' id='word_1_205' title='bbox 685 3390 744 3430; x_wconf 91' lang='lat' dir='ltr'><strong>non</strong></span> <span class='ocrx_word' id='word_1_206' title='bbox 776 3389 879 3432; x_wconf 88' lang='lat' dir='ltr'><strong>sacro·</strong></span> 
     </span>
     <span class='ocr_line' id='line_1_36' title="bbox 96 3463 879 3545; baseline 0 -18"><span class='ocrx_word' id='word_1_207' title='bbox 96 3485 167 3528; x_wconf 91' lang='lat' dir='ltr'><strong>rum</strong></span> <span class='ocrx_word' id='word_1_208' title='bbox 189 3466 405 3545; x_wconf 86' lang='lat' dir='ltr'><strong>operariorum</strong></span> <span class='ocrx_word' id='word_1_209' title='bbox 426 3463 638 3539; x_wconf 83' lang='lat' dir='ltr'><strong>sedulitatem,</strong></span> <span class='ocrx_word' id='word_1_210' title='bbox 655 3463 812 3542; x_wconf 87' lang='lat' dir='ltr'><strong>imprimis</strong></span> <span class='ocrx_word' id='word_1_211' title='bbox 825 3465 879 3528; x_wconf 72' lang='lat' dir='ltr'><strong>w-</strong></span> 
     </span>
    </p>
   </div>
   <div class='ocr_carea' id='block_1_5' title="bbox 0 0 1201 4196">
    <p class='ocr_par' dir='ltr' id='par_1_5' title="bbox 0 0 1201 4196">
     <span class='ocr_line' id='line_1_37' title="bbox 0 0 1201 4196; baseline 0 0"><span class='ocrx_word' id='word_1_212' title='bbox 0 0 1201 4196; x_wconf 95' lang='lat' dir='ltr'><strong> </strong></span> 
     </span>
    </p>
   </div>
  </div>
 </body>
</html>
