2492 4202
51 334 165 393 cidium
182 333 397 394 voluntarium
418 350 458 392 ex
479 333 654 394 huiusmodi
677 333 903 411 dispensatione
919 350 1007 393 scan-

52 427 154 486 dalum
180 444 239 485 non
263 425 396 487 oriatur.
651 418 653 422 ’

111 523 142 580 3.
160 519 377 596 Dispensandi,
400 523 434 580 et
450 521 662 581 commutandi
683 531 760 582 nota
781 522 944 598 simplicia
963 523 1010 579 et-

53 613 111 672 iam
133 613 295 674 castitatis
315 631 355 673 ex
375 612 559 674 rationabili
580 631 675 674 cansa
696 615 729 675 in
751 614 813 674 alia
831 615 883 691 pia
904 630 1009 690 opera,

54 708 140 784 idque
163 724 240 783 erga
254 706 407 779 virorum,
423 724 458 765 ac
472 705 639 766 mulierum
654 707 922 784 congregationes,
937 724 1011 783 qua·

54 819 118 860 rum
142 799 283 860 membra
303 799 352 858 his
364 797 499 858 vinculis
511 799 816 876 constringerentur,
832 818 890 859 non
907 803 1010 860 tamen

55 896 161 952 votum
185 891 358 968 religionis.

89 989 120 1046 4.
135 986 341 1062 Dispensandi
369 985 401 1044 in
430 985 638 1046 matrimoniis
666 985 860 1058 contractis,
884 988 916 1044 et
936 1003 1010 1044 con-

56 1080 216 1140 trahendis
228 1096 321 1156 super
335 1077 556 1155 impedimento
565 1079 714 1155 publicae
729 1079 907 1138 honestatis
919 1078 1010 1138 iustis

56 1192 90 1232 ex
111 1173 308 1250 sponsalibus
329 1171 543 1248 proveniente.

111 1265 318 1343 Dispensandi
347 1283 439 1342 super
465 1263 685 1341 impedimento
706 1262 875 1335 criminis,
900 1266 1011 1322 neutro

58 1363 158 1420 tamen
180 1359 347 1436 coniugum
369 1358 586 1432 machinante,
611 1375 646 1418 aa
667 1357 856 1418 restituendi
881 1357 929 1415 ius
954 1374 1013 1433 pe-

58 1453 142 1512 tendi
164 1453 305 1512 debitum
328 1451 487 1511 amissum.

111 1545 319 1623 Dispensandi
340 1545 374 1605 in
395 1544 625 1621 impedimentis
639 1546 844 1621 annotationis
858 1545 1014 1620 spiritan-

60 1643 105 1714 lis,
122 1642 344 1717 praeterquam
367 1638 453 1696 inter
466 1637 637 1711 levantem,
654 1641 687 1696 et
701 1638 852 1697 levatum.

113 1731 319 1809 Dispensandi
339 1730 371 1788 iu
392 1731 412 1790 3
432 1734 465 1790 et
486 1733 505 1790 4
526 1733 625 1808 gradu
647 1731 966 1805 consanqaint'tatis,
983 1737 1014 1790 at

61 1828 231 1903 affinitatis
253 1824 400 1902 simplici,
423 1827 456 1884 et
477 1825 587 1896 misto,
605 1842 665 1883 non
688 1823 789 1882 solum
810 1840 878 1881 cum
900 1840 1017 1899 paupe·

61 1921 165 1992 ribus,
188 1920 242 1978 sed
270 1918 363 1978 etiam
386 1935 456 1976 cum
477 1916 629 1976 divitibus
655 1916 688 1974 in
715 1914 922 1974 matrimoniis
949 1917 1013 1975 tam

61 2013 238 2086 contractis,
254 2030 345 2090 quam
368 2010 601 2072 contrahendis,

114 2106 318 2184 Dispensandi
338 2105 434 2166 etiam
457 2104 489 2163 in
519 2104 652 2164 secundo
675 2101 826 2180 simplici,
849 2103 882 2160 et
901 2101 1013 2175 misto,

62 2200 218 2260 dummodo
240 2198 328 2258 nullo
349 2199 439 2258 modo
460 2197 601 2275 attingat
622 2196 756 2274 primum
778 2196 927 2273 gradum,
950 2198 1015 2256 tam

61 2297 90 2355 iu
111 2291 294 2364 contractis,
317 2310 408 2368 quam
429 2291 462 2350 iu
483 2290 724 2364 contrahendis,
747 2308 805 2350 non
828 2291 926 2350 solum
947 2307 1016 2349 cum

63 2385 258 2466 pauperibus,
282 2386 333 2444 sed
356 2385 452 2444 etiam
474 2402 543 2444 cum
565 2384 729 2445 divitibus.

118 2483 233 2541 Omnes
253 2496 328 2539 vero
349 2477 596 2555 dispensationes
610 2476 856 2538 matrimoniales
871 2495 931 2536 non
947 2496 1018 2537 oon·

63 2575 223 2643 cedantur,
246 2571 307 2630 nisi
328 2589 398 2630 cum
419 2569 573 2630 clausula:
594 2569 770 2629 Dummodo
787 2573 905 2631 mulier
918 2579 1018 2647 rapta

64 2686 126 2727 aaa
148 2667 329 2743 severitati
350 2665 380 2722 si
399 2671 499 2739 rapta
519 2663 633 2738 faerit,
650 2663 687 2720 in
697 2669 856 2738 potestate
876 2665 1019 2738 raptoris

67 2779 132 2821 non
150 2759 300 2820 consistat.
323 2756 386 2834 Ipsi
408 2758 512 2816 autem
534 2753 601 2814 sive
621 2755 857 2832 archiepiscopi,
873 2755 938 2815 sive
953 2756 1020 2834 epi-

65 2853 154 2931 scopi,
171 2852 237 2912 sive
253 2850 437 2910 dioecesium
457 2848 728 2909 administratores
743 2847 941 2926 (gravissime
956 2849 1020 2909 sin-

67 2947 209 3024 gulorum
223 2943 414 3004 conscientia
429 2939 571 3020 onerata)
584 2959 687 3000 omnes
702 2944 735 3000 et
749 2941 888 3018 singulas
899 2941 1020 3018 dispen-

67 3040 199 3102 sationes
221 3036 466 3098 matrimoniales
487 3055 506 3096 a
526 3054 558 3096 se
580 3053 749 3108 concessas,
765 3037 799 3095 et
812 3035 1019 3095 concedendas

65 3133 180 3194 referre
192 3135 360 3193 teneantur
371 3130 402 3188 in
414 3138 593 3209 reyestram
613 3129 828 3190 authenticum
842 3129 922 3206 apud
938 3128 1019 3204 ipsos

67 3228 220 3300 accurate,
241 3228 276 3285 et
296 3224 420 3285 occulte
441 3222 643 3299 servandum,
667 3228 700 3285 et
724 3243 793 3284 cum
815 3222 1019 3300 inscriptione

67 3320 218 3380 nominum
241 3317 527 3396 dispensandorum.

125 3411 154 3472 5.
177 3411 380 3488 Dispensandi
413 3430 434 3471 a
455 3411 583 3488 defecta
605 3411 725 3470 aetatis
752 3410 849 3470 trium
870 3409 1020 3470 mensium

68 3520 119 3580 pro
139 3505 234 3566 sacris
255 3503 416 3564 ordinibus
437 3499 657 3578 suscipiepudis3
680 3501 776 3563 salvis
798 3505 902 3564 tamen
916 3502 1021 3564 indul-
