2386 4194
382 227 563 287 -157-

37 353 93 412 quae
109 335 195 406 datae,
216 334 375 411 factaeque
397 333 474 407 siut,
495 335 605 395 autin
626 337 787 412 posterum
802 335 884 408 dari,
898 335 955 396 fle·

36 428 99 502 rique
114 427 275 504 contingat,
291 443 383 503 quam
397 427 461 488 alia
475 430 547 488 acta
560 429 675 500 omnia,
690 445 769 506 quae
785 428 953 490 temerario

34 538 87 578 ausu
103 519 213 593 herent,
229 539 298 580 cum
313 520 456 581 omnibns
476 520 550 580 inde
571 521 699 595 secutis,
716 520 812 582 irrite
826 538 954 599 prorsus

33 631 86 684 esse,
98 631 127 672 ac
140 614 251 675 nullius
265 614 389 674 roboris
402 619 437 674 et
451 615 612 675 momenti.

71 710 159 784 heque
178 711 371 782 mandamus,
387 714 421 770 et
435 710 492 769 snb
506 708 604 770 simili
617 712 837 786 suspensionis
847 725 954 786 poena

29 797 176 874 inhibemus,
186 805 249 861 tam
261 803 465 874 consecratis,
473 821 565 879 quam
577 801 849 863 comessatoribus
863 819 953 880 prae-

31 891 103 964 dictis,
117 913 150 954 ne
163 897 297 956 audeant
312 895 427 955 illicite
448 899 677 956 sacramentnm
692 895 951 970 confirmationis,

33 989 65 1044 ant
80 987 190 1049 ordines
209 988 376 1062 conferre,
403 990 454 1050 vel
480 1007 671 1066 quocumque
696 990 787 1049 modo
811 989 951 1048 ordinem

33 1080 205 1158 episcopalem,
221 1101 241 1142 a
253 1099 315 1159 qno
330 1084 470 1159 suspensi
486 1087 571 1155 sunt,
586 1097 745 1154 exercere,
760 1099 796 1142 ao
810 1081 951 1159 proinde,

31 1173 63 1245 qni
78 1174 108 1234 ab
124 1175 196 1253 ipsis
224 1176 345 1236 fuerint
373 1177 596 1237 ecclesiasticis
623 1175 785 1236 ordinibus
810 1173 952 1258 initiati,

31 1266 140 1328 noverint
158 1269 370 1347 suspensionis
385 1269 512 1330 vinculo
533 1287 565 1328 so
586 1268 767 1341 obstrictos,
786 1272 820 1328 et
840 1267 867 1327 si
888 1285 954 1326 sus-

30 1363 102 1435 ceptos
119 1363 240 1424 ordines
261 1364 482 1437 exercuerint,
505 1363 743 1441 irregularitati
764 1362 861 1423 etiam
885 1362 951 1423 fore

31 1453 147 1518 chronos.

69 1550 100 1608 hd
119 1553 332 1628 praecavenda
349 1556 455 1613 autem
470 1551 589 1612 maiora
602 1551 697 1624 male,
714 1554 825 1611 tenore
845 1552 879 1611 et
898 1567 953 1609 au·

36 1643 138 1705 obirata
164 1646 314 1723 paribus,
341 1645 554 1716 decernimus,
577 1649 610 1706 ct
630 1645 844 1717 declaremus,
868 1647 954 1705 alios

34 1748 100 1796 onnes
117 1742 308 1811 electiones,
331 1741 369 1800 ad
392 1739 568 1800 Galliarum
595 1739 742 1799 ecclesias
759 1738 955 1801 cathedrales

30 1829 50 1884 et
63 1833 253 1906 parochiales,
269 1850 339 1892 cnm
360 1849 486 1904 recres,
502 1836 569 1893 tum
591 1832 692 1892 multo
715 1831 815 1908 magis
831 1830 950 1907 plenas,

31 1937 74 1979 cun
89 1927 211 2000 veteris,
237 1930 304 1986 tum
325 1926 442 1986 fortius
456 1943 556 1986 norae
571 1931 605 1986 et
617 1925 805 2004 illegitimae
819 1922 954 1983 erectio·

31 2012 68 2082 nis,
81 2019 110 2075 ad
128 2019 263 2079 formam
284 2021 474 2080 memoratae
488 2018 729 2080 Constitutionis
747 2017 838 2091 cleri,
854 2035 872 2076 a
886 2034 954 2076 mu·

34 2105 168 2184 nisipalium
190 2112 395 2172 districtuum
415 2110 607 2172 electoribus
628 2131 725 2190 usque
747 2115 836 2173 modo
861 2129 953 2188 pera-

31 2203 77 2272 tis,
94 2223 163 2280 quas
185 2205 331 2266 volumus
352 2222 409 2282 pro
429 2204 586 2282 expressis
607 2205 727 2279 haberi,
746 2211 779 2266 et
799 2205 953 2282 quotquot

27 2305 190 2375 illigentur,
214 2300 338 2372 irritas,
355 2297 552 2376 illegitimas,
569 2299 749 2376 sacrileges,
772 2303 806 2360 et
825 2315 952 2376 prorsus

25 2385 97 2449 nullas
114 2391 221 2466 fuisse,
245 2411 323 2466 esse,
345 2395 379 2451 et
400 2391 479 2465 fore,
501 2409 613 2468 easque
634 2410 691 2470 per
711 2396 903 2470 praesentes,
919 2395 954 2453 et

24 2495 93 2556 nnnc,
114 2505 168 2564 pro
195 2493 291 2561 tunc,
322 2488 543 2562 rescindimus,
567 2488 724 2564 delemus,
751 2491 951 2566 abrogamus3

23 2571 182 2642 declarantes
205 2582 342 2653 idcirco,
365 2585 489 2642 cosdem
510 2600 690 2660 perperam,
715 2583 860 2659 nulloque
882 2583 952 2640 iure

22 2665 122 2747 aleoba,
150 2676 289 2752 aliosque
319 2675 414 2734 simili
438 2679 529 2736 modo
550 2675 711 2753 eligendos
732 2677 768 2737 ad
784 2674 950 2747 Ecclesiae,

22 2759 66 2820 lam
82 2769 282 2839 cathedrales,
298 2786 391 2844 quam
405 2768 613 2846 parochiales,
629 2763 711 2828 omni
725 2767 951 2840 ecclesiastica,

22 2856 43 2910 et
57 2857 201 2933 spirituali
224 2860 439 2922 iurisdictione
460 2880 517 2940 pro
538 2864 713 2923 animarum
732 2860 885 2938 regimine
901 2877 953 2920 ca·

25 2960 87 3024 rere,
112 2961 202 3034 alque
230 2957 388 3034 episcopos
416 2955 530 3016 illicite
558 2957 708 3017 hactenus
737 2956 950 3024 consecratos,

23 3053 72 3110 l⁰⁰⁸
89 3048 206 3122 pariter
228 3065 285 3125 pro
308 3047 478 3107 nominatis
494 3048 604 3109 haberi
620 3047 775 3119 volumus,
792 3050 826 3105 et
845 3045 877 3102 in
898 3061 953 3120 po·

21 3135 110 3198 lterum
135 3144 382 3214 consecrandos,
409 3142 448 3202 ab
473 3141 557 3201 omni
587 3140 742 3201 exercitio
766 3137 952 3218 episcopalis

20 3229 123 3305 ordinis,
145 3240 179 3297 et
199 3237 350 3313 parochos
372 3234 505 3294 nullitcr
526 3233 708 3307 institutos,
730 3237 764 3294 et
783 3231 955 3292 instituen-

21 3315 66 3392 dos,
84 3342 100 3383 a
118 3327 305 3388 sacerdotali
327 3326 505 3386 ministerio
527 3344 606 3400 esse,
629 3330 662 3386 et
682 3325 750 3387 iore
775 3343 951 3403 snspena0s3

20 3408 127 3492 ideoque
147 3419 290 3480 districte
316 3419 549 3491 interdicimus,
573 3421 638 3478 tem
659 3418 781 3492 clectis,
796 3421 830 3478 et
847 3416 952 3476 forsan

21 3499 142 3581 eligendis
155 3513 187 3574 in
203 3512 378 3592 episcopos,
398 3531 435 3570 ne
458 3530 476 3572 a
497 3527 687 3590 quocumque
709 3511 774 3571 sive
797 3515 953 3587 metropo-
