2386 4194
643 197 844 266 .-l'!8-

251 311 421 390 inquimus,
435 310 468 369 in
482 310 688 372 Conventnm'
702 308 804 368 coacti
825 307 983 387 suscipere
996 308 1084 370 illum
1096 325 1180 369 renue

250 411 338 480 runt,
354 410 387 466 et
408 403 551 464 minitati
565 403 661 462 ctiam
678 405 764 477 sunt,
777 421 809 462 se
824 404 956 464 eundem
971 407 1123 481 tamquam
1132 418 1180 479 prr

251 501 451 560 turbatorem
467 499 634 574 pnblionm
659 497 841 571 habituros,
863 497 891 557 si
912 498 1021 575 pedem
1033 497 1077 556 ‘in
1096 497 1180 556 civito

252 601 326 665 tam,
350 595 406 654 aut
425 591 458 650 in
481 589 681 650 territorium
697 589 870 663 intulisset,
886 589 1109 667 consiliumque
1123 605 1180 666 prro

241 693 341 747 *terea
361 686 504 746 inierunt
534 683 759 746 exauctorandi
781 681 937 744 Dilectum
956 683 1073 746 Filium
1088 683 1180 760 Pbilip

243 788 327 862 pum
341 778 460 840 Gnsoni
474 781 721 856 Pro-Legatum,
737 777 877 855 aliosque
889 778 1056 839 Ministrcs
1069 779 1180 846 Nostra

250 893 326 953 quos
347 875 433 935 inter
455 891 513 933 non
535 872 637 932 defuit
657 873 710 949 qni
733 871 867 930 insidiis
889 872 984 934 stiam
1007 873 1122 951 petitus
1139 887 1180 930 oce

242 973 320 1031 ctus
341 968 403 1028 init
424 985 457 1027 se
476 969 577 1044 supas
597 967 810 1039 comminare
825 969 859 1026 et
879 968 917 1025 ad
940 971 1116 1027 extremum
1134 963 1180 1024 deli

250 1063 444 1126 horationem
466 1064 618 1137 ceperunt
640 1076 707 1118 sesa
729 1058 913 1118 subiiciendi
937 1060 1076 1132 Diticni,
1097 1063 1126 1118 et
1148 1058 1180 1116 in

251 1153 509 1240 perioGarissimi
520 1153 552 1211 in
563 1152 691 1216 Ohristo
707 1152 785 1212 Filii
799 1153 908 1215 Nostri
927 1154 1105 1216 Galliarum
1118 1151 1180 1228 rogi

250 1247 524 1321 christianissimi,
545 1245 649 1306 missis
672 1247 751 1307 hanc
771 1246 869 1322 ipsam
890 1245 929 1306 cb
949 1265 1078 1308 cauum
1099 1241 1179 1306 scisci

249 1347 381 1409 eundem
404 1345 544 1419 Regem,
566 1346 601 1400 et
619 1341 658 1400 ad
681 1341 878 1401 Gallicanum
899 1343 1097 1404 conventum
1117 1343 1176 1414 Dan

251 1440 340 1502 tatis.
356 1436 437 1498 Hinc
457 1449 515 1511 per
535 1432 820 1511 Municipalitatam
832 1433 935 1493 eidem
950 1436 1172 1512 Pro-Lagaina

249 1533 409 1594 Avenione
430 1529 618 1600 discederet,
633 1526 785 1586 indictum
807 1533 868 1600 est3
881 1529 934 1605 qui
948 1546 1062 1606 reapse
1076 1523 1176 1587 discesit

250 1631 300 1690 die
322 1629 361 1688 12
380 1622 463 1687 lunii
484 1641 565 1685 anno
589 1621 679 1694 1790,
693 1621 817 1682 emissis
830 1625 925 1682 antea
944 1622 1177 1700 opportunispro

236 1719 492 1790 'natationibum
515 1721 583 1777 tum
604 1733 677 1778 occe
707 1733 812 1776 coram
837 1718 948 1777 iisdem
976 1715 1179 1793 municipalitu

249 1812 453 1884 officialibus,
468 1809 522 1887 qui
536 1807 596 1869 sibi
618 1810 787 1870 discessum
805 1809 997 1884 indixerant,
1017 1816 1085 1872 tum
1099 1812 1178 1882 script

250 1927 355 1971 coram
370 1905 515 1976 testibus,
529 1921 599 1963 cnm
621 1903 827 1965 tabellionum
843 1923 932 1965 nemo
943 1891 1047 1968 inerit
1059 1907 1180 1982 Avesica

250 2006 414 2081 repertus,
437 1999 490 2075 qui
511 1997 584 2059 illas
605 1998 638 2057 in
659 2001 740 2060 Acta
759 1999 914 2060 referret:
934 2004 1017 2078 qnod
1040 2002 1146 2079 quiden
1160 1995 1180 2087 id

248 2113 342 2157 causa
352 2092 427 2164 fuit,
439 2107 496 2150 cur
510 2089 593 2149 idem
604 2091 822 2168 Pro-Legatus
837 2090 1176 2170 Carpentoraotnmprt·

248 2189 349 2250 iactus
363 2201 436 2246 mcx
457 2185 580 2245 casdem
595 2185 761 2246 renovarit
782 2186 833 2246 die
846 2188 884 2248 16
898 2193 931 2247 et
944 2188 981 2248 21
997 2188 1112 2249 mensis
1126 2185 1179 2249 sinn

249 2285 319 2341 dam
340 2278 585 2358 protestationes
606 2295 712 2338 coram
729 2279 899 2340 tabellione
915 2281 1070 2356 Olioairo,
1086 2273 1178 2343 caud

234 2374 331 2436 ‘lario
360 2370 547 2443 Reotcriae,
569 2389 681 2447 easque
706 2369 737 2430 in
766 2373 847 2431 Acta
814 2373 1073 2437 tSecratariae
1100 2365 1178 2434 reici

236 2469 388 2542 iusserit,
406 2486 442 2526 ne
464 2466 541 2525 facti
562 2465 691 2526 huiusce
711 2467 862 2527 memoria
883 2485 1032 2545 umquam
1053 2466 1171 2531 interiret

247 2565 312 2625 Sub
331 2562 415 2622 idem
436 2563 559 2637 tempus
586 2560 649 2620 init
670 2578 726 2638 per
746 2561 994 2622 Avenicnensem
1019 2565 1176 2626 (lonventna

247 2660 286 2719 de
308 2654 546 2716 Constitutione
573 2656 730 2716 aniverso
757 2655 914 2716 Gallicani
942 2659 1116 2718 Conventus
1136 2639 1176 2738 aui

247 2749 412 2829 plectenda
433 2747 639 2823 cogitatum
631 2766 662 2806 1n
684 2746 824 2824 politicis
856 2765 952 2826 aeque
972 2751 1102 2828 atqna'
1090 2767 1121 2808 cn
1136 2743 1175 2806 lia

231 2842 435 2906 'olcsicstiois
455 2841 560 2913 rebus,
576 2847 610 2901 et
624 2843 663 2902 ad
684 2859 753 2902 cam
767 2846 995 2920 exsequendam
1017 2864 1089 2905 mox
1101 2811 1175 2904 tulisti

246 2943 423 3000 tantorum
444 2936 552 2995 lurore
575 2935 707 3011 undique
731 2939 859 2996 ventum
875 2940 935 3011 est,
951 2940 987 2997 ut
1002 2939 1102 3000 simile
1115 2933 1174 3013 qnip

232 3033 328 3112 ‘piam
361 3049 398 3090 ne
426 3028 458 3089 in
488 3028 660 3090 Gallicanis
688 3028 811 3106 quidem
839 3031 982 3093 Ocmitiis
1015 3035 1170 3109 conspectur

247 3125 356 3186 inerit.

306 3221 355 3280 Ex
375 3235 436 3294 qno
461 3216 580 3277 iactum
609 3220 675 3289 est,
700 3219 736 3276 ut
755 3220 847 3293 parte
868 3237 908 3278 ex
929 3236 991 3279 una
1013 3214 1169 3297 legiuncs

230 3311 375 3389 ‘antiqno
396 3309 594 3387 Principatui
605 3308 702 3369 miser
714 3308 905 3371 Anorobice
918 3315 1021 3373 status
1035 3311 1123 3373 inerit
1133 3299 1169 3364 sci·

245 3407 364 3479 iectus,
386 3409 482 3481 utque
511 3405 601 3481 parts
628 3421 668 3463 ex
701 3402 805 3464 altera
825 3405 993 3466 canonibus
1021 3407 1171 3480 subrogatu

234 3499 367 3561 ¹luerint
387 3497 506 3560 saeculi
526 3497 630 3576 leges,
650 3514 773 3558 sacram
795 3497 1028 3575 monarchiam,
1050 3493 1167 3562 nocido
