2386 4194
375 247 554 309 -149-

62 355 298 421 Quemadmodnm
327 359 457 428 autem,
480 353 569 415 salvo
596 355 770 430 Dogmata,
792 354 827 412 et
847 349 942 410 salva

20 448 154 508 universali
174 447 328 509 Ecclesiae
349 446 544 525 Disciplina,
566 446 613 507 ita
640 445 746 506 animo
766 441 943 521 comparati

17 556 104 613 sumus,
117 544 149 600 nt
167 541 306 618 inclytae
326 541 502 602 Galliarum
523 538 665 609 Nationi,
681 539 879 616 quoadusque
902 536 945 596 ii-

17 636 58 705 cet,
75 635 313 706 obsecundemus,
336 634 381 696 sic
402 635 628 706 Oardinalinm,
642 635 701 694 hac
723 634 761 693 de
781 649 874 692 causa
887 630 940 692 ad·

16 731 172 801 vocetorum,
194 727 360 788 consilium
381 729 504 802 secuti,
525 731 559 788 et
578 746 617 789 ea
636 728 838 804 repetentes,
860 743 939 802 quas

13 819 244 882 dhristianissimo
264 820 345 900 Regi
366 839 422 900 per
441 823 576 883 Nostrae
597 821 740 882 Litteras
759 819 821 879 iam
843 818 942 897 signi·
1024 823 1027 830 '

16 913 190 991 terreremus,
214 919 335 981 hortati
358 919 672 1004 sumusitpiscopos,
695 921 732 978 ut
752 917 789 991 ii,
809 934 940 994 quorum

20 1011 84 1069 oculis
101 1029 147 1072 res
170 1013 256 1090 ipsae
284 1014 516 1087 obversantur,
538 1012 637 1075 Nobis
664 1015 799 1089 desuper
825 1010 940 1088 agendi

20 1104 130 1164 rationem
156 1108 312 1184 quandam
339 1107 550 1180 exhiberent,
582 1107 609 1167 si
637 1104 776 1165 inveniri
808 1104 942 1164 fortasse

18 1199 142 1272 potuita
160 1201 317 1261 catholico
338 1204 504 1279 Dogmata,
517 1199 748 1278 Disciplinaque
769 1197 942 1257 universali

17 1290 108 1352 nisime
127 1296 369 1370 dissentaneum,
392 1295 424 1356 in
445 1296 596 1356 Nostram
618 1291 875 1353 deliberationem
891 1294 943 1351 at·

18 1401 55 1458 que
70 1405 184 1448 examen
207 1391 432 1450 adducendam.
449 1390 513 1448 Hos
527 1388 609 1465 ipsos
630 1386 728 1446 animi
748 1385 859 1448 Nostri
873 1403 943 1446 sen-

18 1493 51 1535 sus
64 1480 295 1557 significavimus
316 1482 485 1544 Carissimo
516 1482 549 1541 in
573 1481 700 1544 Obristo
722 1479 807 1540 Filio
827 1480 943 1542 Nostro

20 1569 73 1646 Regi
85 1566 359 1648 christianissimo,
375 1577 413 1636 ed
428 1593 520 1652 quem
535 1573 677 1635 misimus
692 1573 791 1632 etiam
805 1573 940 1634 Nostrae

23 1660 47 1718 ud
61 1665 200 1745 Episcopos
224 1668 433 1746 responsionis
454 1668 643 1746 exemplum,
666 1683 798 1743 eumque
813 1665 936 1744 hortati

21 1749 42 1810 iu
55 1757 154 1821 Domino
175 1779 296 1834 sumus,
320 1766 356 1821 ut
375 1761 408 1820 in
430 1760 593 1821 consilium
608 1759 758 1822 adhibitis
773 1758 943 1836 sapientio-

18 1846 75 1910 ribus
89 1855 252 1934 Episcopis,
269 1855 368 1933 magis
381 1859 487 1933 aptam
502 1854 689 1914 medicinam
710 1853 843 1912 afferret
855 1869 940 1911 mor-

18 1937 54 2014 bo,
70 1947 109 2021 qui
126 1967 143 2008 e
163 1949 257 2026 regia
277 1951 374 2010 etiem
395 1950 588 2010 auctoritate
609 1946 783 2026 profluxit,
806 1951 840 2007 et
868 1963 943 2007 eum

21 2033 108 2113 denique
126 2043 298 2105 certiorem
319 2041 496 2114 effecimus,
517 2043 584 2103 Nos
602 2041 634 2101 in
656 2042 750 2114 ilios,
767 2039 821 2117 qui
836 2040 940 2100 errori

22 2130 149 2198 bursas
174 2137 374 2209 haerebunt,
400 2153 440 2196 en
460 2135 568 2196 debito
599 2135 751 2214 pastorali
777 2133 877 2195 officio
907 2153 945 2196 ea

19 2227 193 2301 1111111101,
211 2247 289 2305 quae
310 2228 343 2288 in
365 2231 472 2288 eedem
489 2229 675 2290 necessitate
690 2229 785 2308 positi
799 2233 946 2291 Decesso·

18 2323 49 2370 111
62 2317 152 2382 Nostri
175 2322 418 2400 praestiterunt.
676 2329 679 2334 '

55 2409 193 2492 Utraeque
214 2415 359 2476 Litterae
380 2416 515 2477 Nostrae
536 2417 572 2476 ad
595 2418 731 2493 Regem,
747 2419 781 2477 et
806 2418 845 2477 ad
870 2417 945 2494 Epi·

15 2511 89 2575 tropos
102 2507 202 2581 datae,
218 2507 268 2568 die
285 2509 323 2569 10
336 2507 447 2569 Martii
468 2508 719 2570 extraordinario
741 2509 862 2571 cursori
878 2512 944 2571 tra·

15 2591 72 2658 titas
90 2610 166 2681 sunt,
185 2606 239 2683 qui
260 2606 436 2683 insequenti
458 2625 532 2666 mon
553 2607 602 2666 die
624 2607 779 2668 discessit.
796 2609 942 2680 Interim,

13 2683 47 2747 tie
70 2694 100 2755 15
126 2700 264 2760 eiusdem
298 2700 432 2773 mensis,
461 2699 650 2761 adveniente
682 2701 742 2761 huc
770 2719 809 2760 ex
838 2699 944 2760 Gallia

15 2795 107 2848 cursore
127 2793 312 2866 ordinario,
334 2792 467 2853 allatum
496 2793 532 2852 ad
554 2795 619 2854 Nos
641 2793 776 2870 undique
797 2795 867 2863 est,
893 2791 943 2851 die

14 2871 233 2958 tibebruarii,
256 2886 405 2947 Lutetiae
433 2886 627 2947 Parisiorum
655 2885 753 2946 fuisse
779 2885 942 2948 schismati

18 2968 103 3034 tulmen
117 2978 308 3056 impositum.
324 2979 385 3038 Ilia
395 2979 478 3038 enim
493 2980 542 3039 die
554 2979 860 3057 Aapmtodencnsis
870 2980 944 3058 Epi·

15 3070 175 3139 1111111111
197 3071 330 3148 periurii
350 3072 481 3130 crimine
496 3071 643 3145 infectus,
659 3075 693 3131 et
707 3089 778 3132 reus
793 3072 943 3133 defectio·

13 3148 56 3224 uis,
72 3159 103 3217 ob
122 3161 280 3223 dimissam
301 3161 492 3222 auctoritate
515 3162 652 3240 propria,
675 3167 709 3223 et
729 3180 832 3223 coram
854 3165 942 3226 laicis

14 3239 170 3328 Ecclesiam,
193 3256 398 3334 capituloque
422 3273 501 3328 suo,
524 3256 609 3315 omni
639 3259 941 3319 commendationum

16 3329 81 3400 huda
92 3347 192 3426 digno,
205 3349 298 3427 longe
318 3348 483 3421 absimilis,
500 3349 684 3410 coniunctus
698 3354 747 3410 est
760 3351 943 3428 Babylonis

13 3431 36 3486 11
50 3433 159 3502 biddac
178 3442 360 3519 Episcopis3
382 3457 515 3518 quorum
537 3440 656 3518 primns
677 3459 696 3502 a
716 3443 815 3504 Nobis
844 3445 941 3505 Pallii
1033 3497 1035 3502 Α

15 3515 143 3592 bennatus
163 3536 303 3609 honore,
326 3539 360 3595 et
380 3535 469 3594 vitae
496 3551 615 3612 quoque
636 3539 747 3596 auctus
772 3537 939 3608 subsidiis,
