2456 4192
1 177 2 224 ι
447 203 484 218 ..
505 173 523 230 7
545 203 583 218 ..

1 257 2 274 Χ
31 289 249 358 etnoncqoam
264 281 310 340 nd
323 281 497 341 scientiam
510 280 664 340 unitatis
675 278 912 354 pervenientes,
929 275 991 336 to·

1 358 2 434 3
31 377 131 433 tentes
149 375 290 450 speciem
312 374 445 449 quidem
463 375 609 449 pietatis,
625 373 784 431 virtatem
803 371 912 430 cutm
926 371 996 429 eius

1 517 2 542 ι
32 469 240 544 adnepontes,
257 469 406 543 corrupti
425 473 549 540 mente,
564 465 694 542 reprobi
713 466 803 524 circo
822 463 930 542 fidens.
953 463 995 524 Hi

33 577 58 618 se
78 562 213 638 erigunt
234 561 268 620 in
283 561 453 637 magistros
465 559 739 630 mendacissimos,
758 562 794 618 nt
806 557 928 618 eosdem
943 573 997 632 ap·

37 654 126 728 pellat
144 654 365 730 apostolorum
379 653 522 730 princeps
537 653 665 726 Petrus,
681 655 776 728 atque
790 651 997 711 introducunt

40 755 126 807 sectas
149 746 363 824 perditionis;
391 748 425 804 et
445 762 540 818 eum,
561 745 615 822 qui
634 745 712 805 emit
732 763 807 817 eos,
829 743 995 805 Dominum

39 844 157 917 negant,
175 839 458 916 superinducentes
477 837 536 898 sibi
554 839 688 899 celerem
708 838 928 916 perditionem.
945 837 997 899 Di·

37 941 101 994 cunt
121 953 154 994 se
176 951 245 994 esse
267 932 437 1009 sapientes,
459 935 493 992 et
513 933 606 993 stulti
628 932 706 992 facti
727 935 813 1004 snut3
835 935 869 991 et
889 931 997 991 obscu-

37 1033 132 1086 ratum
163 1031 215 1086 est
240 1026 392 1103 insipiens
420 1041 617 1086 cereorum.
643 1026 741 1092 Quam
766 1025 884 1084 multos
905 1023 997 1101 plena

36 1119 162 1180 fallaciis
184 1119 286 1179 iactet
308 1117 421 1195 ubique
443 1117 621 1195 triumphos
647 1118 869 1195 philosophia,
892 1135 929 1178 ea
950 1117 997 1176 ni·

37 1215 166 1285 mirum,
190 1229 272 1289 quae
294 1215 360 1272 um
381 1212 511 1271 honesto
539 1211 692 1272 vocabulo
719 1229 806 1272 suam
834 1211 998 1272 abscondit

38 1308 238 1384 impietatem,
256 1309 435 1383 quantaque
457 1304 613 1366 facilitate
627 1306 665 1364 ad
681 1324 715 1366 se
729 1308 838 1367 trahat
858 1302 996 1366 alliciat-

39 1420 90 1477 que
108 1401 297 1478 populorum
320 1399 571 1472 multitudinem,
588 1417 644 1459 vos
664 1399 724 1477 ipsi
746 1401 823 1461 bene
846 1399 996 1479 prospici-

41 1495 97 1566 tis,
116 1495 168 1572 qui
189 1494 405 1572 speculatores
426 1493 594 1554 constituti
614 1495 691 1554 estis
713 1494 744 1553 in
767 1496 862 1554 Domo
883 1494 993 1555 Israel.

46 1588 215 1663 linguatum
228 1587 431 1663 iniquitatem
442 1604 478 1646 ao
490 1586 679 1662 nequissima
689 1588 909 1661 deliramenta,
918 1605 995 1666 quae

50 1679 267 1757 insinuatque
288 1683 345 1741 aut
366 1680 496 1740 dicendo
516 1682 663 1758 persequi
685 1681 816 1758 poterit,
837 1686 895 1742 aut
914 1681 998 1759 cogi·

47 1776 126 1832 tando
143 1773 363 1834 comminisci?
390 1777 468 1834 Dum
490 1773 592 1834 videri
615 1775 728 1836 volunt
756 1774 816 1834 sibi
845 1791 996 1852 quaerere

43 1867 205 1928 huiusmodi
225 1867 369 1926 homines
388 1867 596 1944 sapientiam,
615 1871 697 1947 quin
717 1886 786 1928 reon
807 1871 871 1928 rite
892 1883 997 1945 quae·

42 1971 119 2034 runt,
136 1963 364 2039 prolabuntur
379 1963 522 2039 lonqics,·
534 1970 566 2021 et
587 1963 625 2020 io
646 1970 756 2022 tantos
769 1979 893 2023 errores
906 1964 997 2021 inci·

43 2055 283 2128 donemtetiom
294 2071 492 2116 communem
502 2057 702 2132 sapientiam
711 2075 780 2118 non
794 2055 994 2133 teneontss).

43 2151 132 2226 Atque
153 2149 298 2226 equidem
320 2166 356 2208 eo
378 2167 474 2226 usque
495 2149 686 2226 deveniunt,
703 2155 740 2211 ut
753 2151 938 2229 impiissime
953 2149 997 2210 ei-

41 2241 161 2319 ingent,
177 2247 236 2302 aut
259 2259 317 2300 uon
339 2259 406 2302 esse
426 2245 543 2316 Deum,
560 2248 617 2303 aut
638 2244 771 2305 otiosum
786 2263 854 2305 esse
868 2248 902 2305 et
916 2243 997 2304 desi·
1096 2243 1099 2251 '

41 2334 113 2406 dem,
127 2335 211 2394 nihil
234 2340 341 2395 nostra
360 2341 537 2407 curantem,
554 2336 634 2396 nihil
657 2337 834 2398 hominibus
849 2337 997 2398 revelan-

43 2437 114 2501 tem3
137 2434 173 2488 nt
195 2428 327 2504 proinde
349 2428 525 2488 mirandum
549 2447 609 2488 uon
631 2432 685 2504 sit,
709 2431 735 2490 si
757 2431 904 2509 quidquid
927 2449 997 2492 san·

44 2529 140 2599 ctum,
163 2531 259 2602 atque
285 2526 426 2586 divinum
451 2530 522 2600 eat,
545 2527 707 2590 blaterant
735 2547 802 2590 esse
832 2531 994 2603 inventum

47 2625 123 2698 atque
145 2624 360 2698 excogitatum
388 2624 426 2683 ab
453 2624 672 2700 imperitorum
698 2624 857 2685 hominum
879 2623 997 2683 meuti-

47 2713 99 2786 bus,
121 2717 207 2776 inani
230 2717 412 2776 futurorum
435 2721 522 2776 metu
545 2718 709 2798 perculsis,
725 2721 759 2778 et
774 2735 855 2778 vana
868 2717 997 2776 immor·

46 2807 171 2868 talitatis
186 2825 240 2885 spe
255 2807 384 2867 illectis.
401 2809 459 2868 Sed
477 2808 671 2870 fraudulenti
687 2811 741 2870 isti
756 2809 913 2887 sapientes
926 2812 995 2869 tan-

44 2903 98 2957 tam
118 2902 299 2978 dogmatum
323 2904 563 2978 perversitatem
585 2902 626 2962 iis
648 2904 840 2976 verborum,
863 2919 899 2963 ao
920 2903 995 2961 sen*

44 2994 203 3054 tertiarum
226 2993 390 3053 lenociniis
412 2995 591 3070 emolliunt,
607 3000 641 3056 et
660 2995 832 3070 occultunt,
848 2998 885 3055 ut
904 2995 996 3055 infir-

46 3087 168 3161 miores,
191 3090 243 3166 qui
267 3088 395 3166 plurimi
417 3093 512 3162 sunt,
535 3091 625 3167 quasi
653 3091 786 3168 quadam
808 3109 878 3152 esea
897 3091 994 3169 capti,

47 3179 243 3242 miserandum
273 3183 304 3241 in
335 3185 456 3242 modum
489 3182 637 3259 irretiti,
666 3189 722 3245 aut
746 3185 841 3245 fidem
869 3203 996 3263 prorsus
1026 3248 1037 3269 x

47 3271 193 3349 abiiciunt,
209 3279 267 3338 aut
287 3279 372 3336 certe
387 3274 572 3337 labefactari
587 3296 777 3356 magnopere
791 3278 908 3340 sinant:
922 3280 995 3339 dum

97 3484 129 3536 (li
146 3483 266 3531 Lactaut.
277 3479 358 3528 divin.
369 3480 452 3530 instit.
462 3481 507 3530 lib.
519 3482 566 3529 111.
579 3495 634 3542 cap.
645 3485 685 3532 28.
697 3483 757 3531 adit:
768 3483 850 3532 Parin.
862 3484 932 3531 leae.
