2386 4194
636 234 674 246 -
699 203 757 264 132
777 237 815 250 -

245 315 404 391 pastorem
426 329 515 372 suum
537 312 715 389 legitimum
738 311 970 388 derelinquant,
986 331 1086 388 neque
1108 314 1189 373 ullun

244 407 342 467 alium
364 405 547 483 suscipiant,
562 405 615 482 qui
637 404 720 464 istuc
732 407 864 465 auderet
885 404 1021 465 irruere.

306 500 351 558 Te
372 496 506 574 denique
533 496 610 557 hacc
630 517 649 558 a
675 497 772 559 Nobis
795 498 971 574 postulasse
989 498 1149 573 declaras,
1169 503 1190 560 nt

225 591 378 666 ,schisma
411 591 542 651 vitares.
566 592 683 650 Verum
705 591 736 651 id
766 590 825 650 tibi
853 592 1061 667 persuadeas,
1077 595 1115 652 ut
1143 593 1191 653 sis

245 685 399 744 communi
421 685 571 744 bonorum
593 685 704 762 plausu
727 684 912 758 desciscens,
927 703 1019 761 quem
1042 685 1114 745 Tibi
1137 687 1183 745 ha

246 783 336 838 tenus
364 777 569 856 comparasti,
585 778 731 838 electioni
754 783 828 838 tuae
849 781 961 840 contra
980 780 1134 840 Nostram
1154 797 1191 838 uo·

244 872 422 945 luntatem,
445 875 478 932 et
499 871 701 931 monitionem
726 871 908 949 praebueris
931 889 1112 945 assensum,
1134 876 1180 932 tun

174 957 179 976 ’
245 982 318 1025 sane
340 964 502 1026 schismati
525 982 635 1025 nomen
658 968 762 1039 dares,
778 967 1035 1042 quemadmodum
1059 984 1119 1024 non
1141 966 1191 1025 sine

243 1059 394 1120 immenso
415 1058 514 1120 animi
526 1058 637 1121 Nostri
659 1060 766 1120 dolore
786 1060 810 1118 ii
825 1059 1069 1137 praestiterunt,
1085 1060 1140 1137 qui
1151 1061 1191 1118 aut

243 1154 422 1214 huiusmodi
444 1153 651 1214 electionibus
673 1153 820 1214 assentiti
842 1141 938 1227 suut,
954 1157 1011 1214 aut
1031 1151 1189 1214 huiusmodi

244 1247 353 1308 electis
374 1247 546 1324 sacrilegas
567 1265 677 1308 manus
698 1247 859 1325 imponere
886 1265 944 1306 non
966 1247 1161 1308 dubitarunt.

304 1343 386 1401 Tuos
408 1340 549 1418 equidem
571 1359 640 1416 cum
663 1341 776 1417 gaudio
795 1359 904 1401 sensus
924 1340 1109 1418 excepimus
1130 1357 1187 1402 are·

243 1434 467 1495 fractariorum
496 1434 636 1495 sensibus
658 1435 751 1513 longe
773 1433 915 1508 alienos,
936 1433 1080 1512 certique
1103 1447 1183 1495 sunu

242 1528 322 1602 iore,
346 1531 383 1588 ut
403 1528 441 1588 ab
460 1528 585 1605 incepto
607 1545 772 1604 numquam
795 1528 953 1601 discedas,
970 1527 1076 1589 veluti
1098 1547 1120 1589 a
1141 1527 1185 1587 No·

243 1625 310 1682 stro
331 1621 453 1682 Dilecto
472 1621 557 1682 Filio
576 1617 733 1681 Toumino
748 1620 989 1696 Des-Vaapoas,
1007 1621 1134 1681 vicario
1152 1638 1189 1696 ge·

243 1714 344 1775 nerali
358 1714 502 1774 Dolensis
521 1714 679 1774 Ecclesiae
700 1715 817 1775 factum
839 1719 899 1788 est;
921 1713 1068 1791 quicum
1089 1717 1131 1776 ad
1149 1716 1190 1774 Ec·

242 1809 371 1870 clesiam
389 1809 492 1869 Vallis
516 1806 688 1880 (luidonis,
706 1810 840 1867 nondum
856 1809 919 1868 rite
933 1809 966 1867 in
984 1808 1189 1886 Episcopatun

243 1908 392 1976 erectam,
409 1902 545 1961 electum
558 1919 589 1961 se
611 1919 678 1961 esse
693 1902 731 1962 ad
747 1903 811 1964 Nos
825 1901 1047 1980 significasset,
1064 1905 1099 1962 et
1114 1921 1134 1962 a
1145 1903 1190 1962 No·

244 1998 304 2071 bis,
320 1996 394 2074 quid
416 1995 475 2054 sibi
496 1995 578 2056 facto
600 2013 677 2072 opus
698 1999 796 2067 esset,
818 1995 1019 2072 exquireret,
1039 2000 1191 2074 antequam

240 2091 390 2152 Nostram
411 2088 569 2166 reciperet
582 2089 825 2165 responsionem,
840 2106 933 2166 quam
954 2088 1027 2148 huic
1041 2103 1190 2149 consonan

242 2182 538 2264 transmisimus(l),
554 2183 695 2261 agitatus
707 2183 763 2242 illo
777 2183 987 2244 conscientiae
998 2183 1142 2244 stimulis
1154 2182 1191 2240 ol·

243 2279 343 2338 latam
364 2276 486 2354 respuit
506 2277 702 2337 electionem.
719 2277 785 2343 Quo
806 2276 948 2354 exemplo
969 2295 1044 2337 usus
1066 2281 1119 2338 est
1143 2271 1188 2350 epi·

241 2388 352 2448 scopus
373 2370 600 2445 Rhodonensis,
616 2374 653 2431 ut
673 2373 710 2432 ad
731 2370 797 2429 aius
817 2369 1027 2431 imitationem
1050 2367 1191 2431 excitaret

241 2467 286 2528 Le
308 2464 369 2526 σοι
389 2465 595 2544 principalem
615 2465 771 2527 Ecclesiae
792 2465 1052 2543 corisopitensis,
1069 2465 1125 2543 qui
1139 2477 1191 2524 eun

241 2559 409 2620 certiorem
430 2559 631 2633 reddiderat,
653 2560 809 2636 ambiguis
831 2578 907 2620 usus
935 2559 1071 2636 verbis,
1094 2561 1132 2620 de
1151 2575 1185 2617 sn

240 2654 393 2716 electione
419 2654 452 2713 in
475 2651 651 2731 episcopum
674 2654 712 2713 de
733 2651 1031 2727 t'Izte-et-Vilaine,
1059 2657 1096 2714 ut
1110 2652 1183 2729 lique

241 2750 279 2810 ab
300 2747 429 2827 egregia
442 2747 656 2808 Rhedonensis
677 2746 876 2825 responsione
896 2747 953 2806 sub
976 2747 1025 2806 die
1047 2750 1186 2807 7curren

243 2842 285 2902 tis
306 2841 423 2903 mensis
438 2841 526 2918 typis
545 2841 705 2917 avulgata.

299 2936 472 2994 Praeterea
484 2933 632 3011 quidquid
647 2936 685 2994 ad
705 2933 874 2994 electiones
893 2931 1192 3008 consecrationesqu

239 3028 452 3104 episcoporum
474 3027 626 3104 pertinet,
643 3027 710 3086 sive
724 3026 881 3088 Ecclesiae
903 3045 974 3087 suos
995 3027 1138 3086 habeant
1153 3039 1183 3100 pu

241 3125 354 3195 stores,
370 3120 438 3180 sive
451 3119 563 3180 iisdem
584 3122 725 3194 careant,
742 3118 900 3180 cumulate
922 3122 1026 3180 actum
1041 3122 1092 3178 est
1117 3138 1137 3179 a
1148 3117 1181 3177 N=

240 3213 341 3273 bisin
373 3213 495 3274 litteris
524 3213 679 3273 informa
703 3211 817 3273 Brevis
850 3212 977 3289 scriptis
1004 3213 1042 3272 ad
1068 3211 1155 3272 Nost
1174 3234 1189 3255 ι

241 3325 313 3366 ven.
341 3306 458 3370 fratres
486 3305 758 3384 archiepiscopos,
785 3309 819 3366 et
846 3306 1005 3382 episcopos
1026 3303 1188 3365 Galliaru

301 3515 337 3568 (1)
356 3515 411 3560 Iam
430 3512 538 3562 relatam
560 3523 618 3570 pau.
639 3511 680 3560 bd.
