2364 4198
624 170 801 231 ..286-

657 349 761 405 ῙιΙΧ.
803 388 805 391 -

452 456 720 517 FAGULTATES
742 457 975 518 GONOESSAE
1023 521 1027 525 ,

361 625 435 692 ΑΒ
473 624 869 694 APOSTOLICA
907 625 1064 694 SEDE

235 822 383 901 Stuputis
402 824 675 901 Arcbiepiscopis‚
693 832 724 885 et
743 820 919 902 Episcopus,
937 823 977 886 uc
1000 827 1128 886 Dioecesi

294 917 627 976 Administrutoribus
647 919 755 994 Repeti
779 917 987 991 Galliarum,
1008 921 1151 980 communi

295 1029 370 1072 uem
383 1019 414 1071 et
428 1013 574 1089 pretium
587 1010 678 1071 Sedis
691 1013 893 1089 Apostolicue
907 1013 1099 1074 habentibus
1110 1012 1153 1087 (rur

296 1112 330 1171 ta
350 1110 571 1187 praecedentes
584 1109 725 1170 Litteras
745 1111 968 1189 Apostolicas).

298 1311 327 1369 l.
343 1309 535 1369 absolvendi
556 1311 595 1370 ab
615 1310 757 1370 omnibns
773 1311 893 1372 casibus
907 1312 985 1372 Sodi
1001 1309 1152 1388 Apostolus

239 1402 472 1480 quomodolibet
493 1406 636 1464 reservat
623 1404 675 1477 t,is
695 1422 730 1463 ao
751 1405 936 1481 praesertim
959 1397 1157 1465 absoluendib

240 1495 381 1554 omnibus
403 1494 622 1556 ecclesiasticis
649 1496 789 1556 censuris
817 1513 1028 1574 quoscumque
1049 1495 1126 1556 laicos
1142 1496 1158 1550 ιι

185 1599 187 1604 ’
239 1586 541 1651 ecclesiasticostam
557 1588 743 1660 saeculares,
760 1590 1075 1666 quamregularasut
1077 1588 1157 1659 riusqu

239 1699 343 1754 sexus
359 1684 453 1758 atque
474 1698 525 1741 eos
547 1682 641 1742 otiam
647 1681 723 1758 ,qui
745 1682 906 1744 schismati
927 1684 1132 1750 adhaeserunt
1142 1693 1159 1734 ι

240 1776 451 1836 iuramentum
473 1774 609 1838 civicum
631 1775 840 1848 emiserunt,
832 1795 863 1834 ιι
879 1794 979 1853 eoque
994 1779 1079 1854 perst
1067 1774 1159 1834 titerur

241 1868 327 1930 ultra
341 1867 547 1944 quadraginta
559 1866 623 1926 dias
636 1867 667 1925 in
680 1868 857 1945 apostolicis
867 1859 990 1928 litteris
1003 1868 1064 1928 diei
1073 1867 1103 1925 13
1110 1880 1136 1938 ap
1148 1859 1152 1872 '

240 1961 282 2020 lis
304 1959 476 2036 superioris
492 1958 571 2022 *anni
593 1977 654 2036 pro
674 1960 863 2021 incurrenda
883 1964 1088 2037 suspensione
1104 1951 1152 2014 αι’

240 2056 330 2114 uinis
351 2052 545 2130 praefinitos,
561 2053 725 2114 dummodo
746 2057 868 2126 tamen,
893 2071 947 2112 seu
963 2058 1158 2131 postquampri

242 2148 321 2208 blico
349 2149 382 2206 et
408 2146 532 2222 palam
531 2147 623 2204 idam
645 2146 854 2206 iuramentum
876 2145 1127 2211 retractaverint
1103 2137 1155 2200 td

242 2240 383 2300 fidelium
405 2240 581 2299 scandalum
604 2239 824 2316 reparaverint
835 2257 870 2298 eo
883 2240 1013 2300 meliori
1034 2238 1110 2298 modo
1112 2243 1149 2307 ,ιιι

242 2333 313 2394 fieri
334 2331 465 2409 poterit.

302 2427 331 2487 2.
348 2425 552 2502 Dispensandi
573 2427 797 2503 promovendos
818 2427 856 2484 ad
878 2425 1007 2486 ordines
1029 2419 1152 2486 unuin

153 2515 155 2522 ’
243 2538 294 2581 res
315 2537 406 2598 quam
428 2537 551 2592 saeros,
573 2523 629 2580 aut
649 2518 759 2595 iisdem
788 2519 949 2578 ordinibus
976 2520 1041 2579 iam
1061 2514 1154 2577 initias

242 2631 338 2691 super
359 2614 660 2690 irrepularitutibus
680 2631 799 2689 quoquo
820 2613 911 2672 modo
931 2611 1077 2685 incursis,
1094 2611 1119 2666 et
1131 2603 1156 2659 et·

243 2707 305 2768 iam
326 2708 364 2768 ab
385 2706 455 2780 illa,
470 2723 562 2782 quam
584 2705 788 2765 incurrerunt
808 2705 980 2766 violatores
996 2691 1155 2781 suspensioni

244 2801 329 2861 latae
351 2817 407 2877 per
427 2799 550 2858 easdem
572 2798 760 2874 apostolicas
783 2798 909 2858 litteras
930 2799 995 2858 diei
1018 2800 1053 2858 13
1065 2787 1155 2869 Aprilis

245 2899 407 2960 dummodo
421 2898 488 2973 isti,
505 2901 669 2974 antequam
686 2898 916 2974 dispensentur,
932 2899 1124 2958 iuramentum
1132 2883 1155 2942 d·

245 2993 360 3068 vicum,
384 3009 461 3069 pure
476 2993 509 3050 et
530 2989 716 3067 simpliciter
737 2991 894 3065 emissum,
911 2992 1034 3069 publice
1054 3009 1069 3048 e
1072 2981 1156 3062 spalat

246 3089 443 3148 retractent.
476 3084 616 3162 exceptis
645 3087 748 3144 tamen
781 3085 969 3163 irregularit
956 3086 1089 3155 tatibus,
1111 3083 1155 3151 qua

246 3180 438 3258 proveniunt
458 3197 499 3239 ex
518 3177 657 3256 bigamia
677 3196 767 3252 vera,
782 3179 834 3239 vel
857 3197 896 3238 ex
916 3177 1076 3238 homicidio
1088 3168 1156 3230 ιοιιι·

247 3274 350 3348 tario;
373 3273 435 3332 et
427 3292 458 3331 m
480 3273 529 3332 his
551 3270 596 3332 eti
586 3290 648 3332 ram
672 3272 789 3332 duobus
810 3272 933 3332 casibus
953 3268 1114 3331 conceditur
1129 3255 1154 3314 ft·

248 3366 349 3426 cultas
377 3364 596 3443 dispensandi,
623 3363 649 3424 si
676 3363 817 3441 praecisa
844 3364 1012 3425 necessitas
1037 3359 1153 3448 probortm

248 3458 463 3538 operariorum
484 3458 527 3518 ibi
548 3457 658 3534 fuerit,
674 3458 837 3518 dummodo
859 3461 963 3518 tamen
986 3455 1077 3536 quoad
1094 3435 1152 3509 haut
