2374 4196
633 224 812 284 -370..

707 413 743 465 D.

537 529 665 573 nmncro
687 529 768 572 anuo
789 529 910 572 NOSTRO

283 659 487 722 Luoovnco
502 659 534 720 S.
545 661 585 720 R.
597 661 632 720 E.
647 659 921 813 gRESffiERO
936 659 1147 721 CARDINALI

619 755 645 813 D
692 754 747 814 Ro
954 789 958 795 ·

454 893 701 973 Aratispiscopo
728 897 1007 973 Argentoratensem·

429 1049 627 1130 PIUS
680 1049 903 1128 ΡΑΡΑ
957 1049 1028 1126 VI.

295 1202 431 1262 Dilecta
450 1201 522 1260 rur
534 1195 680 1271 Noster,¹
690 1201 844 1259 salutem
860 1203 895 1259 et
907 1201 1139 1269 apostolicam

576 1297 872 1356 Benedictlonem.

302 1453 582 1515 Luctuosissimum
614 1470 688 1513 sane
715 1469 781 1512 esse
810 1452 992 1514 Catholicae
1023 1451 1176 1531 religionis.

243 1548 438 1625 maximeque
459 1547 735 1624 deplorandumin
749 1545 812 1606 isto
826 1546 950 1607 Galliae
972 1563 1072 1624 regno
1093 1549 1179 1608 statnn

243 1641 455 1719 agnoscimus,
480 1639 595 1700 dilecte
616 1639 663 1699 fili
685 1640 819 1711 Noster,
835 1657 934 1716 nequo
954 1639 1120 1717 quidquam
1137 1649 1179 1697 esst

243 1754 330 1814 possa
351 1735 568 1802 declaramus,
595 1734 675 1810 quod
696 1733 734 1792 ob
756 1734 862 1792 tantas
894 1750 1001 1792 rerum
1033 1740 1178 1795 vestrannn

242 1829 462 1889 conversiones
475 1827 613 1888 animum
627 1828 657 1889 N
659 1831 781 1886 ostrum
795 1826 896 1904 magis
917 1827 1075 1888 sollicitet
1087 1846 1118 1888 ao
1134 1839 1178 1902 per

241 1924 362 1985 turbet.
377 1921 507 1984 Utinam
520 1924 602 1982 Deus
619 1938 676 1998 per
691 1937 778 1980 suam
793 1905 1055 1996 misericordiam,
1068 1925 1176 1998 adquin

242 2019 380 2100 quotidie
400 2017 616 2096 confugimus,
632 2035 667 2078 ac
688 2034 758 2077 cum
777 2017 906 2078 Nostris
926 2019 1053 2079 Christi
1073 2018 1175 2078 fidsinn

241 2131 348 2194 preces
369 2112 605 2189 coniungimus,
627 2110 762 2188 aliquem
784 2110 907 2189 aperiat
928 2115 1095 2174 tantorum
1112 2109 1180 2172 nuo*

241 2229 312 2273 rum
333 2210 465 2281 exitum,
492 2207 707 2286 agitatumque
728 2208 779 2268 tot
799 2206 946 2284 procellis
969 2211 1170 2271 Ecclesiauso·

241 2306 328 2366 latur
349 2302 489 2374 tandem,
504 2319 539 2361 ac
554 2300 586 2358 in
603 2298 869 2375 tranquillitatem
884 2300 1053 2364 restituat
1070 2295 1165 2374 unani

242 2400 311 2458 dem
333 2413 395 2456 una
415 2398 448 2454 et
462 2395 622 2465 Nostram,
638 2396 671 2452 et
691 2395 831 2454 vestram
847 2394 991 2455 dolemus
1014 2387 1161 2466 vicenui·

241 2488 389 2566 versique
404 2486 512 2565 gallici
524 2489 590 2546 tam
605 2485 777 2547 saecularis
791 2503 883 2563 quam
896 2487 1062 2565 regularis
1075 2487 1165 2551 clena

240 2581 438 2643 lamitatibus
452 2578 696 2656 ingemiscimus,
711 2597 747 2639 ac
762 2596 818 2656 per
833 2583 907 2640 vota
926 2581 1126 2660 lacrimasque
1138 2591 1178 2682 neq

239 2677 323 2736 siras
334 2674 538 2751 imploramus
549 2672 691 2732 omnibus
701 2672 1177 2747 fortitudinis,constantiaque,

240 2767 366 2845 siliique
380 2766 548 2844 Spiritum
564 2783 603 2825 ue
624 2765 746 2826 scilicet
759 2766 921 2844 quisquam
935 2767 970 2827 in
985 2773 1082 2832 tanta
1093 2775 1171 2841 anne

239 2878 309 2921 rum
323 2859 512 2920 difficultate
525 2858 660 2932 deficiat,
677 2859 823 2936 ab'eoque
834 2860 990 2920 malorum
1001 2855 1172 2924 torrentosi·

238 2953 388 3031 ripiatur.
405 2955 578 3030 Propterea
598 2971 668 3013 cum
690 2952 749 3012 tibi
772 2971 852 3014 nunc
873 2955 1046 3033 praecipue
1067 2959 1097 3017 in
1110 2893 1176 3357 maj

238 3045 460 3123 ingruentibus
474 3045 624 3123 periculis
649 3045 737 3106 cordi
758 3065 823 3106 esse
849 3049 977 3107 tuarum
999 3050 1105 3110 ovium
1121 3045 1151 3106 sal

241 3141 318 3211 tem,
335 3143 427 3216 teque
448 3157 506 3216 pro
528 3138 637 3198 iisdem
659 3157 749 3200 curas
771 3159 876 3200 omnes
895 3141 1078 3219 impendere
1091 3132 1162 3202 ext'

240 3229 363 3290 litteris
376 3231 425 3290 die
433 3233 452 3292 4
460 3231 542 3291 Iunii
553 3232 590 3293 ad
598 3232 663 3292 Nos
675 3233 758 3294 datis
769 3234 997 3312 intelligamus,
1007 3235 1108 3314 parati
1117 3251 1142 3292 ce

241 3339 347 3384 sumus
375 3330 501 3401 praesto
530 3324 590 3386 tibi
612 3343 700 3398 esse,
727 3330 761 3388 et
781 3331 931 3405 quantum
962 3328 995 3388 in
1018 3329 1112 3392 Nobis
1127 3328 1174 3430 als,

240 3416 469 3479 sollicitudines
501 3421 572 3479 tuas
604 3419 777 3496 apostolica
807 3422 998 3483 auctoritate
1027 3422 1174 3482 sublevas:

240 3510 349 3587 Itaque
369 3513 450 3587 quod
472 3530 491 3573 a
510 3512 607 3575 Nobis
629 3514 782 3590 postulas,
799 3514 883 3574 circa
903 3516 1064 3594 regulares
1085 3473 1173 3821 υἻ

1148 3897 1171 4172 l
