2498 4200
443 247 480 274 ·.·
506 215 563 276 18].
586 247 623 260 ··

114 323 171 385 Ubi
187 322 345 384 ¹Otlicialis
373 288 511 382 extorsit
537 322 738 384 acanonicis
766 321 1015 404 commentitiam

56 417 135 478 banc
155 417 354 490 electionem,
368 433 468 494 ¹quam
491 415 757 494 Municipalitetis
773 419 870 490 vota,
892 418 926 476 et
945 431 1016 476 con·

50 509 124 570 silis
144 509 360 587 postulabant,
374 508 552 568 meminisse
572 527 604 568 se
627 507 802 588 simulavit,
818 508 945 568 minime
960 525 1016 584 per
1110 529 1112 532 ·

49 605 172 664 eosdem
186 603 357 665 canonicos
368 603 507 662 delatum
519 601 652 662 civicum
667 602 884 663 iusiurandum
907 599 1014 662 luisse.

45 698 94 757 Eo
112 697 221 773 itaque
241 695 411 772 adigendos
432 694 504 756 illos
524 695 662 756 curavit.
678 695 724 755 st
748 712 815 754 cum
840 692 1017 756 huiusmodi

46 789 256 852 iurisiurandi
276 789 403 848 vinculo
433 788 632 866 adstringere
654 805 685 848 se
705 787 854 850 Oanonici
880 789 1016 868 denega·

46 887 130 956 rent,
155 883 259 942 veluti
280 882 345 959 ipse
367 882 428 946 iam
449 882 592 942 futurum
611 882 832 960 praeviderat,
856 881 1019 962 extemplo,

46 977 172 1036 nomine
199 975 483 1052 Municipalitatis
504 975 700 1050 declaravit,
723 977 921 1036 enstinctum
954 990 1018 1048 esse

48 1067 250 1146 Capitulum,
265 1086 320 1128 uec
341 1087 428 1146 posse
450 1068 595 1146 deinceps
613 1069 784 1130 canonicos
800 1067 866 1127 ullo
887 1083 1015 1138 munere
1055 1101 1057 1106 ,

46 1164 78 1223 in
96 1162 243 1224 Ecclesia
265 1162 484 1240 defungi-aut
505 1162 610 1242 aliquo
631 1165 721 1224 modo
739 1163 770 1222 iu
786 1180 881 1238 unum
903 1176 1017 1237 corpus
1085 1175 1089 1180 ’

46 1259 235 1330 coalescere,
258 1261 292 1318 et
312 1257 512 1335 congregari.
590 1297 592 1302 ,

100 1354 184 1413 Erat
207 1351 403 1413 Benedictus
425 1353 620 1414 Franciscns
640 1351 814 1412 Mulierius
836 1353 914 1410 adeo
936 1368 1012 1426 prof

47 1451 154 1508 vectus
175 1448 301 1518 aetate,
324 1449 361 1506 ut
381 1445 420 1506 ab
441 1449 545 1506 aetate
566 1463 676 1522 parum
698 1446 821 1506 abesset
843 1445 1016 1524 Eteaaari,

51 1547 124 1606 senis
146 1545 181 1603 in
196 1543 340 1602 Historia
360 1546 469 1603 sanctu
484 1541 671 1619 percelebris
686 1541 744 1622 (l),
760 1543 945 1619 poteratque
959 1541 1014 1602 vel

55 1639 107 1716 ipse
120 1636 299 1717 gloriosum
313 1637 497 1712 eaemplum
511 1637 688 1708 iuuentuti,
699 1643 730 1695 et
741 1638 914 1694 uniuersae
924 1637 1018 1710 penti

52 1733 247 1808 relinquere,
269 1730 349 1805 quod
371 1745 408 1788 ea
435 1727 495 1788 sibi
516 1731 656 1788 sumeret
683 1729 720 1788 ad
749 1728 936 1788 imitandum
958 1746 1017 1805 pro
1125 1792 1129 1801 ⁸

51 1823 265 1902 nouissimis,
283 1828 323 1884 ,et
342 1822 558 1882 sanctissimis
579 1823 701 1898 leuibus
713 1820 771 1900 (2).
787 1822 832 1880 At
852 1819 945 1897 lange
961 1820 1017 1882 ille

50 1936 80 1978 se
99 1914 251 1994 praebuit
265 1913 428 1974 Eleazaro
449 1913 646 1988 dissimilem,
655 1914 715 1991 ¹qni
729 1931 834 1974 secum
848 1912 953 1972 enimc
966 1931 1018 1974 re-

53 2015 162 2088 putans
178 2009 301 2070 aetatis
311 2015 343 2068 et
363 2009 538 2068 senectutis
550 2025 628 2072 suae
640 2009 855 2068 eminentiam
866 2007 1015 2084 dipnam,

55 2113 81 2165 et
97 2103 272 2180 ingenitae
293 2100 479 2160 nobilitatis
498 2100 665 2172 canitiem,
689 2102 1018 2179 clariosissimamqne

53 2205 199 2266 nortun,
209 2195 316 2270 mauis
329 2209 430 2270 quam
450 2192 603 2252 adibilem
614 2195 720 2253 vitam
733 2197 951 2271 complectens,
966 2195 1019 2256 de·

49 2291 190 2350 stinauit
209 2303 278 2346 non
290 2287 465 2346 admittere
481 2288 612 2359 illicita,
626 2295 761 2363 propter
773 2287 936 2348 modicam
950 2305 1017 2350 aar»

47 2382 217 2460 reptibiles
237 2381 325 2439 vitae
347 2387 470 2456 tempus
485 2378 541 2457 (3).
554 2379 807 2457 Quandoquidem
828 2380 1015 2454 Matienius,

47 2493 104 2536 nen
128 2474 221 2534 modo
242 2491 345 2535 coram
369 2473 528 2534 militibus
550 2473 582 2534 iu
604 2473 679 2534 aula
697 2474 869 2551 capitulari
889 2477 1019 2536 adsten-

46 2571 133 2630 tibus
154 2587 217 2628 nou
232 2568 400 2629 recusavit
423 2567 536 2630 ricerii
559 2568 745 2646 capitularis
767 2567 914 2641 officium,
937 2571 1016 2646 quod
1063 2556 1065 2561 ¹

47 2665 120 2724 vivo
143 2663 245 2722 adhue
266 2661 510 2738 archiepiscopo
531 2680 604 2736 suu,
628 2661 801 2722 sanctiores
821 2661 965 2734 divinae,
985 2667 1019 2724 et
1106 2665 1108 2668 ’
1137 2668 1141 2674 1

45 2755 205 2818 Ecclesiae
220 2756 312 2833 ¹leges
334 2755 478 2832 cuiquem
493 2755 617 2814 deterri
632 2774 721 2832 posse
737 2755 899 2828 vetabant;
916 2757 968 2814 sed
985 2756 1017 2815 iu

47 2867 102 2912 sua
135 2850 232 2912 etiam
256 2851 406 2910 libertate
434 2847 566 2908 relictus
583 2849 736 2926 ¹publicae
768 2847 1018 2924 Municipalituti

49 2944 171 3020 gratias
184 2943 265 3018 egit,
280 2945 314 3002 et
335 2941 386 3000 die
406 2942 427 3002 6
448 2939 571 3014 Martii,
594 2946 664 3017 post
679 2941 806 3002 missam
824 2940 1018 3008 celebratam

49 3053 104 3113 per
126 3035 372 3107 Maucansium,
389 3033 528 3094 Oratorii
550 3034 931 3112 presbyterum,insi9ni
950 3051 1021 3092 mu·
1100 3085 1101 3088 ,

48 3129 193 3206 nicipali
212 3145 306 3204 super
327 3129 433 3188 restes
453 3124 664 3186 sacerdotales
678 3125 836 3200 indutum,
849 3145 909 3186 non
925 3127 1019 3187 dubi-

49 3220 189 3282 tavit-in
207 3219 388 3281 cathedrali
410 3218 592 3281 solemniori
613 3219 680 3279 ritu
702 3218 852 3280 collatum
874 3221 935 3281 sibi
950 3239 1020 3285 mu.-

112 3335 579 3424 mmmmmmmst
694 3379 696 3382 -

56 3440 451 3497 ‹mmmfflffl.
769 3451 771 3460 ·

113 3520 148 3574 aa)
166 3516 559 3584 msu.vere.1a,ao,us,etns.
668 3579 672 3586 ,
