2492 4202
437 275 475 288 -
497 243 616 305 357—

54 368 111 411 mas
130 350 352 412 inclinationes
374 351 486 423 efficit,
510 351 566 412 ille
595 352 661 413 tela
680 367 738 430 pro
766 367 822 411 sua
844 351 1009 412 voluntate

53 444 99 504 vel
119 443 251 522 dirigit,
267 444 320 504 vel
341 445 473 506 avertit.
490 444 625 506 Reflciat
639 445 702 504 Vos
717 444 866 533 iudicium
881 445 914 506 S.
931 445 1011 505 Ber·

54 538 136 598 nardi
150 537 197 617 (1)
212 537 397 600 scribentis:
412 538 452 600 Si
472 541 558 600 bonu
576 542 681 617 fucrit
699 556 799 602 caasa
813 541 1008 617 pupauatrb,

50 649 176 709 maor
195 633 307 693 emitur
317 635 424 694 molan
437 650 501 694 erra
513 634 726 709 conpererit,
741 635 825 694 sicut
838 651 897 695 nec
910 632 1011 694 dcccc

51 727 250 788 iudicabitur
261 727 352 804 fiais,
365 728 422 787 cabi
435 744 535 788 cocco
547 743 617 786 aaa
629 728 722 798 bona,
736 734 768 785 ct
786 729 927 788 intentio
941 745 1009 788 aon

49 828 135 881 recta
151 822 378 898 praeccmcrit.
393 821 436 882 at
460 839 520 898 quo
546 839 691 898 umquam
718 821 807 880 modo
832 821 945 882 timere
970 824 1009 881 de

48 912 122 972 bono
154 912 245 973 exitu
276 915 427 990 poterunt
446 913 517 988 illi,
539 914 594 992 qui
614 913 698 974 omni
726 917 839 976 conatu
861 932 919 992 pro
940 918 1010 976 lesu

48 1007 164 1067 Christi
185 1005 343 1081 doctrina,
368 1025 424 1085 pro
445 1008 618 1086 religione,
633 1024 690 1086 pro
712 1008 810 1086 ipsius
830 1024 924 1069 causa
944 1025 1009 1068 sus·

45 1099 171 1160 linenda
191 1099 393 1177 pugnabuntl
407 1102 610 1162 Redeundum
631 1101 733 1178 igitur
754 1117 876 1177 semper
897 1101 936 1161 ad
957 1101 1010 1160 ob·

47 1194 254 1261 sacrationes,
270 1193 304 1252 i'n
324 1192 424 1272 iisque
445 1196 563 1257 bellum
577 1197 729 1258 Nostrum
743 1192 1007 1266 constituendum,

46 1305 79 1348 ao
100 1288 220 1349 talibus
240 1287 407 1368 praecipue
428 1291 525 1350 armis
553 1291 725 1367 gerendum
749 1290 809 1349 est,
831 1286 950 1358 Idcirco
971 1305 1009 1348 ne

45 1383 82 1442 ab
101 1381 284 1442 huiuamodi
306 1383 548 1458 pernecessariis
569 1385 626 1444 hoc
641 1388 781 1460 tempore
794 1381 1009 1460 precationum

45 1475 151 1536 officiis
171 1474 325 1549 distrahi,
342 1480 399 1537 aut
420 1477 525 1538 averti
546 1476 668 1554 possint
687 1476 796 1550 animi,
812 1475 936 1537 occludi
949 1475 1011 1534 ius·

45 1572 140 1631 simus
168 1573 202 1629 et
230 1586 287 1647 pro
312 1570 436 1648 reliqua
462 1570 556 1630 huius
581 1570 655 1631 anni
677 1573 787 1648 parte,
811 1577 844 1630 et
865 1588 922 1648 pro
943 1573 1010 1630 toto

45 1665 221 1744 insequenti
241 1685 322 1727 anno
343 1668 472 1727 theatra
493 1665 524 1726 in
553 1667 612 1726 hac
640 1666 718 1725 urbe
739 1666 862 1739 omnia,
885 1668 1011 1726 cetera·

45 1779 101 1837 que
115 1758 268 1837 profanae
282 1758 459 1820 hilaritatis
474 1759 653 1836 spectacula
670 1757 858 1837 praesertim
871 1760 1019 1821 Baccha·.

45 1854 202 1915 nullorum
229 1852 456 1930 prohibuimus.
490 1852 550 1913 Sed
580 1856 616 1912 ut
643 1853 762 1912 certius
792 1870 828 1914 ao
855 1851 1010 1914 efficacius

45 1951 80 2007 ad
100 1947 312 2008 exaudiendos
333 1946 487 2007 clamores
501 1948 637 2009 Nostros
650 1946 937 2008 misericordiarum
951 1948 1011 2008 Pa·

45 2045 126 2101 trem
148 2040 346 2112 inclinemus,
369 2039 542 2116 vosipsos,
565 2041 635 2101 NV.
653 2041 800 2113 Fratres,
823 2044 1010 2117 vestraeque

44 2135 115 2194 idei
137 2133 332 2194 concreditos
352 2133 499 2210 populos,
516 2134 554 2193 ad
576 2133 700 2205 luctus,
720 2139 927 2211 votorumque
947 2135 1010 2195 No·

45 2233 183 2289 atrorum
204 2227 388 2302 societatem
409 2245 590 2300 evocamus3
607 2247 705 2306 neque
727 2229 810 2289 cuim
832 2228 976 2289 extranei
990 2247 1010 2288 a

43 2323 141 2386 Nobis
162 2321 259 2394 estis,
284 2322 336 2382 sed
357 2323 467 2382 eodem
489 2321 655 2384 Nobiscum
685 2321 819 2398 spiritu,
844 2339 881 2382 cc
902 2322 1009 2382 cadem

44 2419 140 2479 etiam
162 2415 382 2493 temporalium
405 2433 512 2476 rerum
535 2420 620 2476 sorte
640 2416 688 2476 ita
708 2415 883 2486 coniuncti,
907 2420 943 2475 ut
964 2415 1011 2474 ni·

45 2512 89 2571 hil
111 2510 165 2570 vel
186 2510 317 2582 laetum,
341 2510 393 2570 vel
416 2510 522 2582 triste,
545 2508 821 2586 calamitosumque
841 2508 940 2571 Nobis
960 2526 1009 2567 ao-

44 2604 148 2664 cidere
169 2602 280 2680 possit,
303 2604 383 2678 quod
406 2602 438 2662 in
461 2620 535 2673 vos,
560 2602 774 2678 dioecesesque
803 2605 926 2661 vestras
947 2617 1007 2659 non

44 2698 209 2757 redundet.
231 2699 341 2773 Itaque
369 2713 440 2755 cum
469 2695 545 2754 hacc
572 2696 682 2754 eadem
709 2694 742 2753 in
769 2712 824 2754 vos
844 2691 1007 2770 procella,

44 2793 204 2866 tamquam
225 2788 257 2847 in
271 2790 378 2849 eadem·
393 2787 466 2848 navi
482 2785 675 2847 constitutos
689 2786 835 2864 ingruat,
853 2785 1009 2863 supplices

44 2882 141 2944 etiam
153 2899 246 2942 voces
256 2885 384 2943 vestrae
395 2900 467 2943 cum
478 2880 622 2943 manibus
632 2882 669 2941 ad
682 2881 801 2940 caelum
815 2880 1009 2942 attollendae

42 2976 211 3038 Nobiscum
240 2981 332 3048 sunt,
354 2979 393 3036 ut
419 2976 516 3034 nubes
544 2976 733 3052 penetrare,
751 2990 786 3033 ac
813 2971 851 3031 ad
880 2972 1008 3033 divinae

45 3068 220 3130 maiestatis
241 3067 355 3128 solium
377 3066 560 3145 pervenire,
577 3064 706 3143 sistique
727 3065 871 3138 valeant,
887 3083 922 3125 ac
937 3065 1008 3127 inde

44 3163 271 3222 subventuram
291 3159 405 3233 Nobis,
422 3159 614 3239 apostolicae
635 3157 727 3232 Sodi,
749 3158 930 3220 Catholicae
951 3161 1010 3220 Ec·

45 3254 159 3315 clasiae
186 3254 319 3326 elicere,
344 3273 379 3315 ac
409 3254 581 3331 impetrare
608 3251 816 3314 clementiam.
834 3254 906 3314 Ideo
927 3253 1009 3314 Bea-

44 3347 185 3408 tissimae
208 3345 350 3424 Virginis
371 3347 490 3408 Mariae
504 3346 699 3424 patrocinio,
714 3363 793 3424 quac
807 3350 857 3406 est
871 3345 935 3420 via,
951 3361 1009 3423 per

46 3459 137 3518 quam
165 3439 317 3500 Salvator
344 3439 491 3511 advenit,
521 3439 765 3516 sanctorumque
793 3439 949 3513 omnium,
972 3456 1008 3500 ac

108 3555 143 3607 (1)
158 3549 199 3600 Ad
209 3551 283 3600 lllllt.
294 3551 391 3612 mpii
402 3563 457 3612 cap.
470 3553 493 3600 1.
