2372 4198
230 331 390 394 beneficiis
417 330 609 406 iisdcmpcr
637 331 779 405 pastores
798 327 960 405 legitimos
988 327 1108 405 praevio
1126 327 1172 384 ha·

231 428 296 489 bito
329 424 471 486 examine
500 425 538 482 de
568 422 697 482 illorum
724 423 890 495 doctrina,
913 422 1069 493 moribus,
1096 439 1114 480 a
1145 437 1170 476 ue

230 520 412 582 idoneitate.
439 518 480 578 Hi
500 535 614 594 porro,
637 516 748 593 quibus
771 516 859 576 iavet
886 516 1098 594 legitimorum
1117 513 1172 588 Epi·

232 631 390 692 scoparum
412 611 584 684 iudicium,
607 613 676 670 toto
703 627 817 688 genere
844 610 996 670 differunt
1021 610 1060 668 ab
1086 623 1171 666 corun

231 710 316 770 faece
341 708 435 781 atquc
462 704 620 786 colluvie,
646 703 699 780 qui
719 704 871 780 sacrilege
892 721 911 761 a
936 699 1174 779 pseudo-Episco-

232 803 280 881 pis
305 798 441 880 ordinati
467 800 501 857 et
525 796 693 874 illegitime
711 795 870 855 beneficiis
892 795 987 855 ditati
1003 798 1087 862 cunt,
1105 794 1174 852 adco-

232 914 290 974 que
305 893 423 953 nullam
438 891 552 951 merito
573 892 664 950 edere
686 892 815 967 possunt
835 889 1032 948 offensionem
1056 891 1089 947 et
1108 904 1175 945 scau·

232 987 348 1058 delum,
369 985 397 1045 si
422 1003 477 1044 sua
498 984 590 1060 culpa
610 1000 667 1059 per
691 981 841 1042 sinceram
874 982 1074 1058 numerisque
1100 979 1175 1038 omni·

231 1083 288 1142 bus
309 1080 484 1141 absolutam
514 1077 759 1154 satisfactionem
790 1077 937 1155 expiata,
960 1077 1063 1139 adea
1084 1073 1176 1134 behei-

231 1175 281 1236 cia
301 1179 334 1235 et
355 1176 392 1234 ad
407 1191 459 1233 ees
474 1171 636 1250 parochias
650 1175 869 1244 revertuntur,
885 1170 998 1247 quihus
1021 1169 1098 1229 olim
1110 1165 1173 1244 digni

231 1267 361 1329 indicati
388 1267 533 1340 fuerant,
558 1267 644 1326 etin
666 1282 797 1342 quarum
822 1265 1046 1342 possessionem
1072 1262 1179 1322 lucrant

231 1361 374 1440 legitime
395 1359 536 1420 immissi.
560 1361 669 1420 Cessat
690 1359 816 1434 insuper
836 1358 938 1436 magis
959 1377 996 1417 ac
1016 1357 1119 1434 magis
1136 1373 1179 1415 ca,

231 1474 309 1533 quae
331 1454 485 1527 timetur,
507 1453 708 1524 absurditas,
730 1453 865 1512 sirecte
890 1451 1128 1529 distinguantur
1144 1450 1179 1506 in

233 1547 314 1609 trusi
336 1546 368 1605 in
392 1564 499 1606 errore
520 1549 554 1605 ct
577 1545 609 1603 in
631 1544 798 1605 schismate
812 1544 989 1621 pertinaces
1002 1587 1010 1616 ,
1023 1543 1078 1620 qui
1092 1533 1179 1620 Ecce-l

233 1642 298 1704 siae
319 1640 516 1718 benignitate
538 1640 703 1698 abutentes
719 1656 779 1697 non
795 1642 868 1698 ante
889 1638 1013 1698 absolvi
1027 1656 1062 1696 se
1077 1625 1179 1714 petentl

234 1753 326 1814 quam
341 1737 404 1796 Nos
418 1735 455 1793 ad
472 1733 676 1793 severitatem
692 1731 897 1791 adhibendam
920 1731 1025 1791 adacti
1047 1733 1174 1791 adversus

232 1829 315 1906 ipsos
336 1827 550 1887 anathematis
578 1825 766 1886 sententiam
796 1823 1007 1898 ediderimus3
1033 1827 1070 1884 et
1090 1837 1174 1884 rursus

232 1923 258 1984 si
282 1926 378 2003 recte
391 1919 629 1996 distinguantur
643 1917 762 1977 intrusi
777 1917 894 1977 dociles
915 1921 1009 1994 atque
1031 1917 1174 1994 obsequen·

232 2018 291 2088 tes,
315 2013 367 2092 qui
389 2012 537 2090 ampliori
566 2011 715 2088 temporis
744 2011 845 2089 spatio
866 2011 1096 2088 proficientes,
1115 2009 1170 2086 quod

167 2123 170 2129 '
231 2111 296 2171 Nos
317 2108 417 2168 adhuc
438 2105 621 2165 errantibus
641 2103 837 2182 largiendum
864 2121 930 2164 esse
953 2107 1121 2180 putamus,
1138 2101 1171 2159 ab

234 2199 313 2262 solvi
335 2218 367 2260 se
388 2199 605 2275 postulabunt,
627 2200 793 2274 antequam
816 2195 937 2256 fuerint
958 2213 1015 2272 per
1028 2198 1169 2258 Nossere·

233 2294 325 2355 ritati
347 2311 456 2353 manus
477 2291 647 2368 appositae.
665 2293 712 2351 Ad
735 2291 874 2350 intrusos
895 2290 1097 2351 reluctantes
1116 2287 1162 2365 quod

233 2386 383 2464 pertinet,
406 2385 488 2444 nihil
508 2389 570 2458 est,
592 2385 673 2461 quod
696 2383 809 2444 timeas
830 2388 866 2443 tu
888 2388 945 2446 ant
965 2383 1038 2449 alii,
1054 2375 1160 2461 Episcopi

232 2481 407 2541 Galliarum
429 2478 603 2538 confratres
624 2477 673 2537 tui
695 2477 766 2537 illos
787 2477 926 2554 aspicere
940 2479 978 2537 ad
995 2495 1054 2538 sua
1070 2490 1165 2538 munera

232 2573 390 2645 revocari,
413 2576 447 2632 et
468 2572 505 2632 ad
528 2589 598 2631 suas
619 2572 781 2648 parochias
802 2571 924 2630 reverti
946 2570 1094 2648 legitime
1107 2585 1170 2647 quac

234 2668 322 2726 sitas.
346 2664 472 2725 Etenim
486 2667 551 2725 Nos
566 2666 603 2722 de
618 2680 725 2723 eorum
740 2663 916 2741 pertinacia
927 2664 1084 2724 certiores
1097 2659 1171 2722 effecti

234 2763 400 2835 antequam
422 2757 632 2818 anathematis
661 2756 777 2816 fulmen
806 2755 1020 2830 eiaculemur,
1044 2761 1103 2818 aut
1121 2756 1171 2812 dun

233 2850 443 2914 anathematis
463 2847 613 2908 iudicium
635 2850 737 2926 ipsum
758 2849 906 2922 feremus,
922 2849 1012 2908 velut
1023 2849 1123 2910 Nobis
1134 2862 1173 2904 ex·

233 2945 340 3023 pedire
361 2943 461 3020 magis
482 2943 665 3014 videbitur,
687 2960 741 3002 eos
763 2959 868 3002 omncs
889 2960 1085 3019 quocumque
1105 2943 1178 3000 hecel

232 3037 303 3097 ficio
325 3037 410 3096 edita
431 3036 588 3096 sententia
601 3053 776 3096 exsucmus.
793 3037 879 3102 Quae
899 3034 1023 3114 quidem
1036 3015 1178 3102 sentential

232 3149 340 3191 eorum
363 3128 558 3207 pervicaciae
579 3129 724 3203 debetur,
747 3131 780 3188 et
800 3128 945 3189 comitari
971 3128 1088 3189 merito
1113 3125 1175 3187 solet

233 3221 587 3283 excommunicationem
615 3223 714 3299 ipsam
739 3221 913 3295 maiorem,
944 3239 1013 3282 cum
1041 3220 1120 3280 nihil
1138 3218 1176 3276 ab·

232 3316 358 3376 surdius
379 3316 433 3388 sit,
456 3332 548 3392 quam
570 3315 607 3374 ut
627 3315 679 3391 qui
701 3317 775 3375 sunt
789 3319 882 3375 extra
899 3315 1084 3387 Ecclesiam,
1099 3313 1173 3372 iilic

231 3409 346 3470 clesiae
376 3409 534 3470 benefieiis
566 3409 743 3486 potiantur.
770 3411 817 3470 Ad
840 3409 981 3469 intrusos
1009 3425 1085 3467 vcro
1112 3400 1171 3482 quod

232 3505 356 3578 spectat
383 3503 499 3563 dociles
530 3507 564 3564 ct
598 3503 825 3580 obsequentes,
851 3503 987 3563 multum
1013 3500 1171 3580 prolectet
