2500 4206
41 310 174 371 ditiones
189 311 351 389 appositae
365 311 398 370 in
413 312 506 371 dictis
520 310 667 387 indultis;
683 309 907 390 praetereaque
919 311 1003 385 vult,

41 409 72 466 nt
92 407 256 484 delegatio
277 407 335 467 flat
355 407 388 467 in
411 426 506 466 unum
521 425 561 468 cx
575 408 804 469 confessoribus
825 396 1005 485 approbetis

40 501 74 560 ab
92 499 268 562 Ordinatio
283 499 357 575 loci,
378 499 410 560 in
433 519 493 578 quo
514 505 748 563 commorantur
768 501 803 576 ii,
826 501 879 580 qui
900 499 1008 579 poeni-

41 595 139 657 tentia
161 594 252 656 ducti
279 593 507 656 absolutionem
536 599 718 672 exposcunt.
742 596 1007 683 Quemadmodum

40 705 109 747 vero
131 688 273 750 facultas
294 687 472 748 huiuamodi
493 687 676 752 absolvendi
703 689 932 750 ecclesiasticos
958 687 1007 748 iu-

39 783 121 842 ratos
144 785 183 842 et
204 783 345 843 intrusos
366 799 428 842 nna
448 800 518 842 cum
540 782 613 843 aliis
627 782 844 855 facultatibus,
861 799 939 859 quae
960 779 1007 840 di·

39 876 94 935 ctis
115 876 376 955 archiepiscopis,
399 874 565 953 episcopis,
581 878 614 935 et
628 873 936 935 administratoribus
950 890 1007 951 per
1122 901 1128 913 ·

38 973 215 1032 memorata
228 973 262 1031 ct
275 969 339 1030 alia
359 968 521 1052 pontificia
541 969 667 1029 indulta
687 969 725 1029 ad
746 985 862 1029 annum
884 985 1008 1028 conces·

40 1081 86 1124 sae
107 1065 256 1138 fuerunt,
280 1064 373 1143 paulo
395 1063 507 1137 serius,
527 1068 583 1124 ant
604 1062 696 1141 paulo
718 1062 803 1124 ocius
825 1063 917 1122 finem
932 1064 1007 1121 suut

40 1156 231 1233 habiturae,
253 1158 301 1218 ita
322 1161 431 1219 eadem
453 1156 614 1219 Sanctitas
642 1157 750 1219 suain
773 1156 839 1216 vim
860 1171 1007 1232 praesen-

40 1249 77 1309 tis
98 1251 224 1311 indulti
245 1250 441 1325 facultatem,
464 1252 501 1309 de
522 1268 583 1327 qua
603 1249 730 1327 egitur,
752 1253 786 1308 et
807 1247 887 1309 alias
908 1248 1005 1307 etiam

39 1342 210 1407 facultates
239 1343 399 1422 prioribus
427 1343 562 1404 indultis
582 1344 820 1420 comprehensas
840 1340 1003 1416 concedit,

41 1438 69 1494 at
89 1441 249 1518 prorogat
269 1439 308 1497 ad
330 1456 468 1510 annum,
489 1456 509 1498 a
530 1436 580 1497 die
601 1435 808 1513 expirationis
835 1433 1005 1496 cuiuslibet

41 1527 160 1592 indulti
183 1530 359 1609 respective
380 1530 604 1607 incipiendum,
619 1531 645 1591 si
667 1530 787 1592 tamdiu
802 1531 914 1590 horum
928 1532 1005 1588 tem-

41 1638 149 1698 porum
174 1625 338 1685 calamitas
357 1623 591 1703 perduraverit.

104 1719 226 1779 Datum
257 1735 297 1778 ex
328 1716 455 1778 aedibus
482 1715 646 1776 Vaticanis
677 1716 727 1776 die
758 1718 789 1776 X
826 1715 1004 1776 Decembris

41 1808 244 1874 MDOOXGII.

453 1893 552 2003 afr.
568 1940 758 2004 caruccae
772 1943 811 2030 ce
824 1943 961 2004 reuma.
