2386 4194
12 337 44 378 ex
61 323 103 380 tot
127 321 336 399 dispersorum
364 320 594 400 Religiosornm
621 325 806 399 conspecta,
829 320 861 381 in
883 339 950 382 sesa
1022 311 1027 326 '

13 414 193 475 obventuram
215 416 444 493 agnoscebant,
458 415 568 476 iisdem
591 433 664 476 snae
678 414 882 495 professionis
897 419 952 478 ha·

12 506 91 565 bitum
104 509 305 584 ademerunt,
321 527 358 569 ne
375 509 441 571 ulla
455 512 633 570 remaneret
650 509 819 588 praeteriti
834 514 949 587 status,

12 617 89 676 aquo
108 602 268 664 deturbati
288 606 397 676 erant,
419 604 554 682 species,
580 622 616 665 ac
638 603 705 682 ipsa
727 603 823 666 etiam
845 604 950 666 abole-

10 695 82 751 retur
99 695 250 757 ordinum
272 695 433 757 memoria.
455 697 620 776 Suppressi
644 695 746 774 igitar
772 696 832 774 ipsi
856 696 950 758 Ordi-

12 802 51 844 nes
68 791 154 862 snut,
177 791 243 850 tam
267 791 302 848 nt
321 788 354 847 in
375 805 482 848 eorum
510 789 716 849 invaderetur
738 789 835 862 bona,
858 805 950 866 quam

15 895 40 936 ne
61 881 188 958 amplius
218 882 380 959 qnisquam
403 882 591 958 exsisteret,
615 883 667 961 qui
689 883 817 961 populos
838 883 876 942 ab
898 899 953 944 er·

16 988 78 1047 rore,
98 993 132 1036 ac
153 993 173 1034 a
193 993 315 1036 morum
341 976 541 1054 corruptione
563 981 739 1038 revocaret.
762 977 827 1036 Hoc
848 975 949 1054 ipsum

15 1069 58 1125 ten
75 1085 205 1144 pravum
226 1087 263 1128 ao
284 1073 349 1130 tam
370 1069 521 1147 pestilens
539 1069 710 1130 artificium
734 1069 882 1148 graphice
899 1070 952 1130 de·

12 1159 154 1237 scribitur,
177 1163 427 1241 reprobaturqne
447 1182 466 1224 a
486 1163 626 1224 coneilio
653 1165 846 1237 senonensi,
870 1167 951 1242 quod

12 1255 38 1314 ab
60 1256 142 1317 initio
170 1257 389 1318 laudavimus:
412 1258 604 1319 ‹Monacbis
632 1260 665 1317 et
692 1257 765 1318 aliis
791 1261 868 1318 voto
896 1257 951 1317 ob·

12 1350 137 1410 »strictis
158 1350 344 1410 libertatem
365 1349 551 1410 lasciviendi
574 1349 759 1428 indulgent3
776 1351 887 1429 quibus
901 1367 952 1411 re·

14 1442 96 1503 »licto
113 1445 207 1517 velo,
228 1450 263 1506 et
282 1445 405 1507 abiecta
424 1445 548 1506 cuculla
568 1447 607 1508 ad
629 1447 784 1508 saeculum
802 1445 952 1508 redeundi

18 1535 205 1600 »maraton
226 1540 390 1614 relaxant,
406 1545 440 1600 et
460 1540 648 1617 apostasiam
664 1540 873 1618 permittunt,
889 1543 952 1602 Ro·

21 1645 182 1694 »manorum
215 1633 402 1694 Pontificum
433 1635 582 1708 Decreta,
612 1633 792 1695 Decretales
821 1634 950 1712 Episto-

20 1723 77 1785 ›las
91 1728 207 1803 etiam,
230 1732 263 1788 et
283 1729 421 1790 Oenones
433 1728 627 1791 ¹conciliares
648 1745 801 1790 enervare
822 1731 949 1788 conten-

17 1821 124 1881 sdnnt›
138 1822 199 1902 (l).

57 1913 95 1972 Ad
109 1934 159 1988 ca,
171 1932 250 1992 quae
265 1917 355 1974 modo
369 1915 570 1992 exposuimus
584 1917 620 1976 de
636 1915 720 1975 votis
734 1913 947 1992 regularibus,

18 2004 123 2068 adiicere
146 2010 272 2086 oportet
293 2008 427 2068 immane
448 2006 599 2068 iudicium
620 2009 721 2069 latum
741 2009 891 2068 adversus
906 2025 953 2068 sa-

20 2113 68 2157 cras
82 2101 248 2181 Virgines,
271 2119 323 2161 eas
343 2117 363 2159 a
384 2100 448 2160 suis
469 2099 617 2161 claustris
638 2101 805 2174 eiiciendo,
829 2103 865 2160 nt
885 2098 953 2178 egil
976 2149 978 2156 s

15 2189 168 2268 butorus,
193 2196 247 2273 qui
269 2195 415 2256 «Sancta
443 2193 500 2257 illa
527 2197 590 2256 Deo
616 2212 691 2254 vasa
720 2195 861 2274 polluere
891 2211 951 2253 non

13 2294 170 2362 rueretur,
187 2293 442 2366 consecratasque
463 2287 588 2350 Christo
610 2287 776 2367 Virgines,
796 2291 831 2349 et
852 2287 951 2348 vitam

13 2383 227 2443 »monasticam
249 2383 403 2460 professas
424 2381 591 2442 extrahere
617 2381 854 2442 eMonasteriis
875 2380 951 2454 suis,

15 2477 64 2531 ret
75 2477 185 2535 mundo
197 2519 205 2548 ,
215 2476 311 2535 immo
325 2475 466 2550 diabolo,
481 2492 572 2553 quem
594 2475 689 2535 semel
710 2474 951 2547 abiuraverunt,

17 2569 185 2628 »redderer
203 2569 260 2647 (2).
288 2569 364 2630 Gum
393 2568 547 2629 Monialcs
577 2566 669 2646 (pars
696 2567 849 2628 Catholici
877 2567 954 2624 Gre-

15 2657 50 2732 gis
74 2660 254 2740 illustrior)
284 2678 375 2737 saepe
400 2678 456 2738 per
481 2677 552 2721 suas
578 2659 737 2719 orationes
765 2657 952 2736 gravissima

12 2766 26 2808 a
41 2751 213 2814 civitatibus
234 2753 413 2815 averterint
434 2752 594 2831 pericula,
611 2755 647 2812 nt
667 2769 721 2811 suo
737 2755 878 2829 tempore
893 2752 954 2811 Ro-

11 2857 65 2904 mae
83 2847 223 2908 evenisse
236 2848 268 2908 S.
287 2847 459 2925 Gregorius
473 2848 606 2925 Magnus
617 2839 769 2924 agnoscit,
786 2844 839 2905 esi
853 2843 950 2920 ipsae,

14 2935 185 3014 ›inquiens,
208 2940 398 3019 (Moniales)
421 2958 479 3000 non
510 2942 628 3013 essent,
652 2938 758 2998 nullus
787 2941 950 3007 nostrum,

13 3028 89 3088 »iam
121 3049 175 3108 per
206 3037 257 3092 tot
288 3050 385 3092 annos
416 3034 448 3092 in
480 3033 537 3092 hoc
565 3032 634 3092 loco
656 3031 844 3104 subsistere,
868 3030 953 3088 inter

12 3124 301 3202 >Longobardorum
330 3127 471 3205 gladios,
500 3127 683 3204 potuisset»
706 3122 762 3204 (3).
790 3126 832 3184 Et
857 3125 954 3184 Bene·

60 3289 96 3344 (1)
112 3290 142 3335 Iu
157 3291 252 3352 collect.
265 3291 511 3349 stbe,tom.X1X,
523 3303 582 3348 pag.
595 3291 775 3338 115oet1158.

61 3366 97 3419 cl)
112 3365 251 3414 Hadrianus
268 3369 313 3424 VI,
330 3368 358 3413 in
373 3367 447 3413 brevi
464 3365 496 3413 ad
505 3365 627 3413 Friderlo.
639 3366 764 3414 Saxoutae
775 3366 838 3413 Duc.
852 3364 951 3413 advers.

12 3433 103 3484 buthcr.
115 3439 141 3486 in
150 3442 244 3489 collect.
256 3441 351 3500 Labbe,
368 3443 428 3488 tom.
440 3442 507 3498 XIX,
518 3453 576 3499 pag.
589 3442 658 3489 1064.

62 3516 96 3569 (3)
112 3516 185 3574 Epist.
197 3519 288 3576 XXVI,
299 3517 345 3565 lib.
355 3519 412 3574 VII,
423 3528 481 3576 pag.
494 3517 549 3564 872.
561 3514 621 3562 edit.
633 3516 743 3564 linurin.
