2372 4198
240 309 338 370 lmmo
352 312 478 368 sanctus
491 307 641 368 Pontifex
656 307 714 368 hac
725 305 884 367 occasione
899 307 1018 380 docuit,
1029 304 1107 364 obiici
1118 323 1159 362 nnn

192 422 194 426 ·
240 419 328 480 posse
356 402 546 479 peculiarem
574 402 805 478 indulgentiam
826 401 994 478 aliquando
1013 400 1167 476 adhibitam,

240 512 277 555 eo
296 497 376 572 qnod
392 495 469 555 salis
483 499 656 573 constaret,
672 500 777 556 actum
791 496 887 556 fuisse
902 493 992 572 qnasi
1013 495 1160 570 dispensato

240 589 288 649 rie
305 607 367 666 pro
387 590 595 662 remediante
614 593 805 652 necessitate
826 593 978 668 temporis
999 589 1052 669 (1).

300 683 408 758 Neque
423 681 486 741 alia
507 689 593 742 certe
607 682 671 742 fnit
691 685 724 742 S.
740 683 927 761 Hieronymi
950 679 1161 743 sententialis

241 793 348 837 serens
369 775 451 834 anim
465 776 504 834 de
521 774 671 852 episeopis
692 775 791 852 lapsis
811 777 842 834 in
857 776 985 853 Synodo
999 771 1162 846 Ariminensi,

242 871 384 942 censuit,
405 887 456 929 ecs
477 870 515 929 de
546 870 634 930 soliis
654 870 883 947 episcopalibus
904 870 1041 929 deiectos
1060 869 1162 928 debuisse

242 964 329 1024 inter
356 963 452 1022 laicos
474 960 575 1038 redigi
596 961 635 1021 ed
662 970 830 1038 perpetuas
857 963 895 1020 de
917 962 1037 1020 scelere
1055 959 1168 1030 lacrimas

199 1067 204 1078 “
242 1056 440 1117 effundendas
462 1053 519 1132 (2).
547 1054 769 1114 consideravit
790 1058 894 1113 tamen
923 1058 1051 1114 sanctus
1076 1057 1168 1126 Doctory

242 1166 331 1226 posse
353 1145 496 1210 nonnihil
517 1147 555 1205 de
577 1147 753 1206 huiusmodi
779 1147 886 1222 rigore
907 1146 1073 1222 aliquando
1092 1145 1165 1203 remit·

242 1240 347 1321 ii(3);
371 1247 466 1316 utque
493 1238 636 1298 remissi-o
657 1239 834 1298 huiusmodi
862 1240 959 1298 certis
982 1245 1064 1299 esset
1082 1237 1167 1313 regnl'n

242 1334 493 1410 circumscripta,
508 1333 538 1391 in
561 1333 687 1410 Synodo
702 1332 929 1404 Alexandrina,
946 1334 999 1393 cui
1014 1335 1047 1393 S.
1062 1334 1132 1392 Atha

241 1429 324 1499 sius,
346 1427 488 1487 Hilarius
510 1426 738 1500 Pictaviensis,
761 1435 794 1486 et
814 1427 966 1486 Eusebius
996 1421 1165 1488 vercellensi

240 1523 476 1593 interfuerunt,
499 1521 620 1596 placuit
641 1526 795 1592 statuere,
817 1523 915 1597 quoad
939 1521 1069 1582 sceleris
1088 1515 1155 1597 prine'

241 1633 297 1694 pes
317 1619 411 1692 atque
432 1621 589 1694 auctores,
612 1633 687 1692 qnos
707 1632 798 1674 error
811 1632 961 1685 excusare
987 1634 1048 1674 non
1069 1621 1149 1691 poten

241 1710 363 1772 servari
392 1709 535 1768 illaesum
569 1708 732 1786 antiquum
756 1709 911 1768 Ecclesiae
934 1727 1098 1780 canonem,
1114 1705 1166 1765 alius

241 1821 317 1862 vero
340 1802 535 1879 poenitentes
557 1803 712 1861 Ecclesiae
731 1819 820 1879 posse
840 1802 967 1874 sociari3
992 1801 1166 1874 consensuque

241 1901 393 1968 Romana,
415 1897 449 1953 et
468 1894 680 1954 Occidentalis
702 1894 802 1953 ounnis
822 1895 974 1965 Ecclesia,
999 1895 1096 1954 veluti
1112 1896 1165 1950 iden

242 1993 276 2052 S.
292 1991 503 2066 Hieronymus
525 1991 663 2047 testatur
678 1989 736 2066 (4).

302 2084 383 2144 Hinc
398 2082 524 2142 minime
538 2083 602 2142 Nos
617 2084 795 2142 recedemus
816 2082 854 2142 ab
875 2081 1040 2158 aequitate
1057 2086 1087 2141 ct
1098 2073 1167 2137 indnl⁴

242 2179 362 2258 gentis,
378 2177 570 2254 postmodum
586 2175 617 2232 in
640 2174 812 2235 Ecclesiam
834 2180 975 2251 recepta,
999 2176 1027 2234 si
1050 2174 1164 2252 postular-

242 2274 327 2335 tibus
350 2271 436 2329 vobis
464 2272 637 2346 generatim
661 2269 855 2344 intrusorem
881 2263 1160 2329 absolvendoruni·

242 2367 407 2436 cultatem,
422 2367 624 2422 secernentur
645 2381 665 2422 a
684 2363 783 2422 Nobis
804 2363 1005 2439 Presbyteri,
1025 2355 1156 2438 aliiquili-

242 2459 369 2520 ferioris
397 2457 516 2515 ordinis
541 2454 752 2514 Ecclesiastici
775 2455 843 2513 Viri
875 2457 913 2515 ab
941 2449 1161 2532 archiepiscopis¹

243 2559 277 2613 et
307 2552 346 2611 ab
367 2548 516 2626 episcopis
549 2548 668 2606 ordinis
689 2548 871 2624 superioris
901 2550 948 2609 Ad
983 2551 1164 2626 Presbytero

243 2647 381 2722 aliosque
412 2641 646 2704 Ecclesiasticos
667 2641 762 2701 Viros
794 2646 872 2719 quod
896 2649 1046 2719 spectat,
1069 2659 1115 2720 per
1129 2637 1166 2698 Nu

242 2740 274 2800 in
296 2743 429 2816 quarta,
453 2745 486 2795 et
506 2737 617 2812 qurlnta
637 2735 736 2794 classe
763 2739 1004 2813 comprehensos
1026 2733 1168 2814 apostolic·

243 2853 312 2897 rum
335 2835 516 2893 litterarum
540 2831 601 2889 diei
626 2831 663 2890 19
691 2831 857 2906 praeteriti
883 2830 994 2889 Martii
1019 2832 1077 2909 (5),
1101 2841 1171 2886 eonce-

243 2933 343 2992 dimus
365 2930 402 2987 ad
425 2944 537 2987 annum
555 2925 720 3002 unicuique
743 2931 899 2995 vestrum,
916 2924 1026 2984 dilecti
1046 2923 1114 2985 Filii
1130 2919 1171 2980 llu-

306 3062 339 3114 (1)
357 3059 404 3106 cit.
415 3057 495 3116 Epist.
507 3057 586 3102 XXII.
599 3068 668 3101 unm.
680 3055 704 3101 5.
1167 2993 1171 3058 ⁴

306 3138 339 3188 (ἵ)
352 3133 526 3182 commentia
536 3131 693 3178 Ezechielem
702 3129 794 3188 Proph.
805 3129 923 3175 libum.
933 3141 989 3186 cap.
1002 3131 1090 3176 XLIV.
1098 3124 1117 3186 ς.
1124 3075 1171 3169 mi

244 3210 318 3268 dicit,
329 3211 389 3258 edit.
402 3213 490 3256 venet.
501 3222 544 3256 an.
557 3210 626 3256 1768.
638 3209 733 3253 tomv.
745 3208 812 3264 part.
820 3209 841 3252 Ι.
858 3218 915 3264 pag.
927 3207 983 3262 542,
996 3207 1051 3262 543,
1063 3195 1171 3286 544ώῆ

307 3289 343 3343 (Β)
355 3287 402 3334 cit.
415 3287 552 3334 comment.
564 3285 592 3330 in
601 3282 757 3330 Ezechielem
768 3282 811 3328 cit.
821 3294 878 3339 pag.
892 3283 946 3328 545.
958 3279 983 3332 8.
997 3274 1132 3341 Quidquid.

308 3365 342 3415 (4)
360 3362 467 3408 Τοπι.ΙΙ.
480 3360 603 3408 adversus
612 3358 797 3414 Luciferianos,
809 3359 882 3405 cuius
893 3359 972 3406 verba
981 3359 1119 3405 rotomnam
1130 3305 1171 3438 ⁸l⁴

245 3439 374 3488 hebbeum
385 3440 427 3485 cit.
439 3443 499 3485 tom.
512 3440 559 3483 111.
572 3438 621 3484 ool.
633 3437 687 3483 343.
1093 3485 1097 3506 Ι
1170 3481 1171 3488 ¹

309 3519 345 3570 (b)
362 3515 419 3564 Vid.
430 3527 500 3562 num.
512 3517 592 3562 nvn.
604 3511 629 3569 5.
644 3511 786 3574 Pcroclucs,
797 3514 885 3571 etseq.
896 3525 954 3572 pag.
966 3513 1022 3560 ill.
