2364 4198
245 311 436 380 emiserunt,
459 302 727 378 iurisdictionem,
749 321 840 381 quam
867 302 899 362 in
921 303 988 363 suis
1014 299 1173 362 dioecesibus

244 405 334 464 modo
355 404 515 471 exercent,
532 397 562 456 in
586 400 747 475 posterum
762 388 921 458 'amittant
934 401 1059 474 propter
1079 414 1174 473 suspen·

246 498 363 560 sionem
385 493 481 554 etiam
496 511 515 552 a
530 491 762 565 iurisdictione,
778 492 829 552 vel
843 491 1173 552 excommunicationem.

306 590 337 649 6.
354 589 438 649 Idem
461 584 683 646 Sanctissimae
698 585 866 663 praedictis
878 585 1106 662 archiepiscopo
1117 585 1174 660 Lug·

246 681 400 754 dunensi,
421 678 655 755 archiepiscopo
686 677 880 752 Parisiensi,
910 683 945 739 et
975 680 1174 756 archiepiscopo

246 773 430 846 Viennensi,
446 779 479 832 et
499 770 650 848 episcopis
664 770 897 848 antiquioribus
916 772 1067 850 cuiusque
1081 771 1174 848 provin·

246 871 313 933 ciac
334 866 500 939 concessit,
516 871 550 926 et
563 867 704 926 concedit
725 867 762 926 ad
778 884 892 928 annum
913 865 1083 936 facultates
1101 882 1174 923 neces·

246 965 370 1037 serias,
393 965 426 1022 et
447 964 636 1038 opportunas
657 964 694 1021 ad
717 961 939 1020 consulendum
962 958 1173 1028 Ecclesiastieis,

247 1065 301 1144 qui
322 1062 422 1125 civico
443 1060 646 1120 iureiurando
667 1062 816 1118 recusant
837 1076 869 1117 se
891 1058 1048 1135 polluere3
1067 1058 1173 1134 quiqueu

246 1156 446 1238 praesulibus
466 1154 648 1223 Senonensi‚
665 1151 939 1228 Augustodunensi
952 1195 960 1222 ‚
975 1145 1171 1218 Aurelianenui,

248 1250 428 1314 vivariensi
449 1248 626 1307 iuramento
647 1245 748 1305 civico
770 1244 931 1305 obstrictis
953 1245 1062 1322 inique
1087 1258 1170 1318 suuper

247 1348 376 1416 dantur,
392 1342 479 1403 vela
500 1340 598 1401 sacris
618 1338 805 1399 ministeriis
825 1338 1051 1399 excludantur.

308 1443 423 1500 Datum
444 1440 563 1497 Romae
584 1453 625 1494 ex
642 1434 770 1494 aedibus
791 1432 1010 1501 Quirinalibus
1032 1434 1082 1494 die
1095 1428 1174 1508 xxii„

248 1531 445 1611 Septembris
465 1529 655 1590 MDOOXGI.
1173 1517 1174 1542 ³

370 1625 430 1702 (L.
454 1621 513 1698 S.)
649 1716 690 1774 F.
705 1715 747 1774 X.
764 1711 955 1775 Gordicalis
972 1716 1014 1776 de
1034 1714 1148 1775 Zelada.
1173 1685 1174 1712 ³

709 1908 752 1963 Ιι.

590 2019 873 2092 INSTRUOTIO

461 2212 655 2274 iussu-88.
678 2211 825 2272 DOMINI
844 2209 1002 2272 NOSTRI

489 2401 585 2481 1³11
628 2399 854 2478 Peren
899 2399 968 2478 vr.
1171 2439 1173 2481 u

357 2599 515 2658 Euarata
534 2613 630 2673 super
649 2595 843 2673 quibusdam
863 2555 1106 2672 quaestionibus

423 2709 445 2751 a
469 2689 656 2751 Galliarum
675 2689 845 2766 Episcopus
859 2693 1049 2766 propositis.

310 2849 516 2932 Laudabilem
532 2847 687 2908 Malorum
700 2865 828 2908 suornm
842 2849 1099 2910 consuetudinem
1112 2861 1159 2904 secu

251 2943 444 3016 Antistites,
460 2941 514 3019 qui
535 2943 626 3001 modo
646 2941 827 3002 Gallicanas
848 2948 965 3019 regunt
984 2941 1140 3008 Ecclesiae

251 3038 363 3098 Sedem
374 3035 580 3113 apostolicam
592 3035 777 3095 detulerunt
788 3034 991 3113 gravissimas
1004 3033 1148 3112 quaestion

252 3131 421 3211 pluresque
442 3130 553 3207 quibus
574 3133 736 3207 anguntur
750 3129 848 3188 animi
869 3129 1100 3200 fluctuationes,
1119 3117 1172 3183 dubi·

252 3226 358 3284 tentes
380 3224 541 3297 nimirum,
556 3223 631 3300 quid
650 3222 709 3282 sibi
732 3224 884 3300 agendum
907 3220 969 3294 uit,
989 3239 1060 3282 oum
1081 3223 1114 3279 de
1130 3215 1172 3273 itt

252 3317 331 3379 lium
353 3317 525 3396 Baptismo,
542 3317 743 3380 Matrimonio
757 3321 791 3376 et
804 3315 983 3394 Sepulturis
1006 3315 1118 3393 egitur,
1131 3327 1144 3385 p

252 3416 363 3491 pterea
383 3415 477 3491 quod,
492 3414 553 3474 nisi
575 3411 770 3474 haecomnia
790 3429 808 3472 a
829 3409 978 3471 Paroebis
1000 3408 1134 3475 intrusis,

252 3524 360 3569 eornm
381 3505 572 3568 auctoritate
591 3508 815 3580 exerceantur,
831 3504 1025 3565 accurentu
1047 3499 1138 3562 nation
1160 3487 1165 3500 ’
