2492 4202
442 223 622 311 ...299.,.

452 393 605 454 mn.

365 513 557 560 vsnsnsauu
578 515 697 560 suarm
718 503 734 546 s

434 643 642 751 ioanni

364 833 522 911 Episcopo
543 835 710 895 Alerieusi

124 933 126 939 ’
237 984 830 1066 Prusrnrnvn

163 1178 252 1235 ven.
275 1177 413 1248 Frater,
434 1179 585 1237 salutem
607 1181 642 1235 et
662 1155 898 1246 apostolicam

385 1276 679 1336 Benedictionom.

109 1461 174 1524 Ubi
195 1461 369 1521 eommunis
389 1464 438 1521 est
457 1437 562 1535 error,
577 1461 621 1520 ibi
643 1477 821 1521 communes
842 1478 960 1537 qnoque
983 1480 1015 1521 o·

58 1560 159 1633 portet
180 1573 247 1614 esse
268 1553 468 1626 monitiones,
485 1573 560 1631 quas
581 1553 780 1630 Apostolioae
795 1553 895 1626 Sedis,
911 1557 944 1613 et
958 1555 1016 1614 Eo·

58 1649 165 1710 etesiae
185 1646 325 1707 charitas
341 1647 588 1724 praemittendas
610 1647 871 1708 duoitoanoniois
893 1648 1011 1724 poenis.

59 1745 114 1804 Per
125 1760 225 1803 noves
238 1740 391 1811 Litteras,
407 1740 456 1800 die
473 1742 512 1802 19
526 1742 625 1820 elapsi
638 1742 752 1802 mensis
768 1741 903 1802 Dilectis
916 1743 1015 1801 Filiis

58 1837 179 1897 Nostris
198 1835 230 1894 S.
244 1834 285 1893 R.
301 1833 343 1892 Ε.
361 1831 609 1908 Gordinolibus,
624 1843 655 1896 et
668 1853 740 1896 oon.
764 1837 938 1894 Fratribus
951 1839 1016 1893 Ar-

59 1921 280 2007 coiepiscopis,
297 1935 327 1986 et
342 1926 520 2003 Episcopis,
539 1935 636 2005 atque
656 1929 790 1989 Dilectis
804 1928 904 1986 Filiis
919 1924 1016 2002 Capi·

60 2025 143 2094 tulis,
159 2024 253 2092 clero,
271 2027 302 2080 et
312 2023 431 2095 popolo
445 2020 554 2096 Requi
572 2017 757 2081 Galliarum
772 2021 876 2092 datas,
893 2019 1016 2078 monui-

58 2133 120 2174 mus
129 2116 197 2176 Nos
208 2129 318 2172 rursus
332 2115 517 2189 ueneratur
528 2111 684 2186 auctores,
698 2113 897 2191 fautoresque
909 2129 1016 2171 omnes

59 2207 157 2268 civilis
179 2205 423 2268 constitutionis
444 2199 522 2266 oleri
544 2205 631 2266 illius
655 2205 777 2283 Regni,
797 2209 831 2265 et
852 2204 1015 2283 speciatim

57 2301 221 2379 Episcopos
232 2302 447 2360 consecrantes
461 2303 495 2360 et
505 2299 702 2372 adsistentes,
712 2299 1016 2378 pseudo-Episcopus

59 2396 251 2454 consecratos
272 2395 305 2451 ot
325 2391 477 2464 intrusos,
491 2409 658 2468 eorumque
679 2392 833 2469 Vioarios,
850 2394 1017 2472 Episcopos

59 2487 156 2547 oivioo
172 2485 373 2545 iureiurando
390 2484 570 2556 obstrictos,
587 2485 742 2544 Paroohos
756 2484 907 2560 intrusos,
924 2487 1016 2546 Visa·

59 2583 130 2654 rios,
154 2579 295 2655 aliosque
315 2579 524 2656 Presbyteros
545 2580 583 2638 ab
605 2579 736 2638 intrusis
749 2578 911 2656 Episcopis
932 2579 1017 2638 eins-

59 2676 123 2734 dem
139 2673 241 2750 Regni
265 2673 463 2748 approbatos,
486 2677 519 2733 et
541 2673 711 2748 delegatos,
731 2672 870 2750 praefixo
890 2673 947 2746 iis,
963 2673 1017 2749 qui

59 2769 223 2843 speciatim
251 2761 363 2824 m‘oniti
385 2770 479 2839 sunt,
503 2765 668 2842 sexaginta
689 2763 809 2823 dierum
837 2765 939 2841 spatio
960 2783 1016 2842 pro

60 2859 201 2930 secunda,
224 2856 417 2934 aliorumque
439 2857 604 2935 sexaginta
618 2856 738 2916 dierum
761 2871 817 2931 pro
832 2855 931 2917 tertia
951 2875 1018 2917 mo-

60 2950 188 3010 nitione.
746 2973 748 2978 ’
872 2971 875 2982 ⁴

116 3044 265 3106 Dolentes
285 3043 391 3119 itaque
412 3043 498 3118 Nos,
521 3043 697 3103 istiusmodi
713 3043 838 3103 civilem
854 3041 1017 3104 Constitu-

60 3137 173 3197 tionem
196 3135 273 3196 oleri
295 3135 471 3196 Galliarum
501 3136 658 3196 invectam
678 3137 774 3196 fuisse
796 3136 829 3196 in
852 3135 945 3196 istam
971 3141 1020 3196 et-

60 3229 118 3290 iem
133 3229 280 3303 insulam,
303 3227 386 3302 Tibi,
403 3229 481 3288 Ven.
497 3230 623 3302 Frater,
640 3230 777 3307 Tuisque
799 3229 928 3306 collegis
941 3230 1017 3308 Epi·
1106 3259 1108 3264 ·

61 3325 155 3401 scopis
170 3324 263 3401 plura
278 3321 434 3382 mittimus
448 3324 559 3382 harum
574 3325 769 3396 Litterarum
782 3323 868 3402 typis
880 3325 1017 3384 romanis

62 3417 213 3480 editarum
235 3417 388 3493 exempla,
405 3417 506 3476 veluti
528 3416 611 3488 Tibi,
631 3416 766 3491 Tuisque
787 3416 865 3476 item
887 3417 1017 3494 collegis

63 3511 199 3572 misimus
214 3511 274 3570 iam
289 3509 352 3570 alia
373 3509 516 3586 exempla
529 3509 670 3586 priorum
684 3509 870 3570 Nostrarum
886 3510 1019 3570 monito·
1133 3522 1136 3529 '
