2364 4198
630 131 749 190 -284
772 163 808 176 -

240 238 319 298 lant.
334 235 496 298 Eiusmodi
511 254 588 296 uero
607 235 722 302 solatio
742 254 840 314 nuper
862 236 1110 315 praetermodum

237 331 313 391 fecti
334 348 452 404 sumus,
475 348 544 390 eum
566 330 694 392 litteras
715 331 906 409 perlegimus
924 330 1004 390 omni
1027 329 1107 388 officio
1123 347 1152 388 rs

239 425 358 497 lentas,
381 441 457 502 quas
478 408 527 484 die
550 425 587 486 16
607 425 786 486 Decembris
805 423 880 487 anni
901 423 1062 501 superioris
1080 423 1150 500 plum

239 517 477 582 fraternitatum
505 521 685 581 vestrarum
706 521 850 580 Parisiis
877 520 1042 596 degentes,
1061 520 1090 576 et
1105 533 1150 593 qun

165 612 169 625 '
239 611 288 670 die
309 612 328 672 8
347 613 484 672 Ianuarii
512 613 671 673 currentis
702 613 774 672 anui
803 611 826 672 ii
854 613 1020 675 earundem
1043 609 1151 670 fraterni·

240 706 342 766 tatum
364 710 562 780 vestrarum,
579 707 630 784 qui
652 709 773 767 Romae
797 707 1049 779 commorantur,
1070 705 1099 763 ad
1114 703 1151 762 ltu

240 800 501 877 conscripserunt.
525 803 574 861 Ex
593 801 642 861 iis
656 801 740 860 enim
760 801 979 877 cognovimus,
1002 796 1152 876 postularis

238 895 348 968 Nobis,
365 898 401 954 ut
421 894 559 970 singulos
581 893 648 952 eius
663 894 840 954 Galliarum
862 894 953 971 regni
974 891 1122 960 antistites,
1132 903 1151 946 ac

239 986 422 1060 dioecesium
446 986 719 1048 administratores
740 990 902 1063 tempore,
927 1005 986 1064 quo
1008 982 1151 1062 episcopale

238 1081 332 1139 Sedes
354 1082 489 1152 vacant,
515 1079 656 1156 generali
677 1079 800 1140 indulto
815 1079 1019 1156 amplioribus
1039 1069 1151 1136 ncnndlit

237 1173 429 1233 instruamus
440 1171 655 1245 facultatibus,
667 1192 728 1250 quo
739 1172 863 1232 facilius
877 1173 1007 1250 quisque
1018 1170 1103 1249 possit
1112 1183 1150 1243 gn»

239 1284 308 1344 gem
331 1266 391 1326 sibi
414 1267 567 1326 creditum
590 1284 728 1342 pascere,
745 1272 777 1327 et
792 1268 979 1345 gubernare.

299 1359 388 1418 Haud
411 1358 535 1419 difficile
556 1358 617 1420 fuit
646 1359 742 1420 Nobis
763 1378 958 1437 agnoscere,
988 1375 1074 1436 quam
1092 1365 1143 1428 aaut

238 1457 320 1514 essct
334 1453 509 1513 huiusmodi
523 1452 649 1531 petitio,
666 1452 738 1512 huic
755 1448 903 1514 nimirum
918 1457 1088 1530 temporum
1100 1459 1147 1506 acer

237 1547 331 1608 bitati
353 1547 540 1607 conveniens
553 1591 562 1621 ,
576 1566 669 1624 quam
683 1547 777 1624 digna
801 1547 900 1608 sacris
919 1545 1111 1624 praesulibus,
1121 1533 1148 1612 qni

163 1677 166 1683 -
238 1639 285 1699 sui
301 1641 439 1699 muueris
460 1644 567 1717 partes
589 1642 623 1698 et
645 1640 739 1716 probe
758 1644 941 1717 agnoscunt,
957 1644 994 1700 et
1008 1657 1060 1717 pro
1073 1633 1148 1693 viribus

236 1731 369 1808 implere
396 1733 609 1804 contendunt,
631 1733 745 1808 quique
771 1733 803 1796 iu
832 1734 1046 1809 praelatarum
1065 1730 1149 1789 lituu·

237 1843 307 1885 rum
333 1825 394 1885 fine
424 1826 636 1884 testimonium
661 1827 797 1885 reddunt
817 1826 981 1903 obsequii,
1005 1825 1075 1902 quod
1094 1815 1150 1896 galli·

236 1937 330 1980 canae
351 1919 507 1979 Ecclesiae
528 1919 718 1994 profitentur
739 1938 816 1996 erga
830 1921 918 1983 Sedis
940 1917 1149 1996 apostolicaenn

236 2013 419 2072 ctoritatem
449 2030 505 2088 per
528 2030 579 2071 eas
608 2013 864 2084 declarationes,
889 2030 1023 2090 quarum
1049 2013 1107 2070 dues
1121 1999 1147 2058 hil

236 2105 454 2165 exscribimus.

296 2197 405 2258 Prima
426 2197 596 2257 declaratio
619 2199 685 2258 est:
701 2198 833 2280 Nullane
854 2216 897 2259 ecc
909 2199 1142 2275 facultatibusn

236 2290 348 2352 Sedent
361 2291 578 2365 Apostolicam
600 2291 808 2351 concedendis
822 2310 843 2351 u
857 2309 898 2362 se,
914 2294 965 2352 vel
981 2311 1004 2352 a
1017 2288 1138 2356 subdetis

235 2385 279 2443 tis
299 2383 511 2443 enercendum
532 2399 605 2454 esse,
630 2384 747 2458 absque
767 2384 904 2458 praecia
921 2371 1140 2444 declarationi

235 2477 304 2553 ipso
326 2482 417 2536 cetos
431 2482 540 2534 tenore
553 2475 738 2546 inserenda,
752 2477 911 2533 nimirum
932 2492 997 2535 «se
1011 2475 1144 2538 uirtutem

235 2573 362 2630 testatis
382 2571 420 2630 ab
442 2568 628 2646 Apostolica
645 2568 724 2628 Sede
745 2569 910 2646 deleyutue
928 2569 1100 2646 procedere,
1117 2573 1145 2616 nt

236 2671 309 2723 tata
329 2666 401 2739 ipsu
422 2664 633 2723 concessionis
653 2663 740 2723 die.»

296 2758 408 2817 Altera
429 2773 521 2815 vcro:
548 2754 587 2815 Se
615 2757 726 2815 stricte
750 2757 971 2816 observaturos
994 2749 1147 2819 decrerat

235 2848 667 2909 ordinationesSnrnmornm
676 2847 1148 2927 Pontificum,conciliorum,nrr

235 2944 421 3002 suetudines
441 2942 604 3002 Ecclesiae
625 2943 792 3003 Romanae
813 2960 891 3019 erun
911 2933 1147 3020 gallicanum&-

236 3039 366 3096 etesium
380 3039 417 3096 in
431 3037 641 3097 concedendis
655 3037 960 3113 dispensationibus,
975 3036 1106 3099 censuris
1115 3025 1148 3086 ni·

237 3129 356 3202 lendis,
374 3131 456 3190 etin
478 3131 555 3188 aliis
575 3130 827 3207 quibuscumque
848 3131 971 3190 actibus
993 3129 1148 3189 indultoris

237 3223 360 3281 uirtute
380 3223 496 3299 fectis,

295 3314 405 3390 Itaque
426 3312 464 3373 de
485 3314 614 3374 consilio
635 3315 769 3375 selectae
791 3334 862 3375 ven.
885 3317 1037 3378 Fratrum
1058 3310 1147 3372 Nostro

236 3421 306 3466 rum
320 3407 353 3466 S.
368 3409 407 3467 R.
425 3407 462 3469 n.
478 3407 693 3470 Oardiualium
707 3408 960 3487 congregationis
981 3423 1077 3469 coram
1088 3391 1137 3462 Nob'
