2492 4202
61 303 185 370 tamen,
208 316 279 357 cum
301 291 365 358 alia
385 297 481 358 Nobis
503 297 602 357 instet
623 297 810 374 gravissima
831 297 867 357 ad
890 299 935 356 Te
957 295 1035 355 scri·

57 392 157 452 bendi
178 410 295 464 causa,
323 391 400 450 satis
421 409 487 450 esse
508 391 669 464 ducimus,
694 395 730 450 ut
751 391 800 451 hic
831 391 863 449 in
886 400 1030 449 anteces-

58 505 132 545 sum
153 485 366 562 significemus
389 485 461 543 Tibi
482 486 666 544 immensum
682 485 807 562 paterni
829 485 941 546 Nostri
964 483 1032 542 ani-

59 579 110 638 mi
141 579 239 638 iuisse
270 577 442 654 gaudium,
465 596 532 636 cum
560 580 605 637 Te
633 579 670 638 ad
701 579 781 637 illud
810 577 1032 654 amplitudinis

60 693 100 733 ao
128 670 299 750 potestatis
327 671 449 730 culmen
477 673 621 730 evectum
651 672 919 749 intelligeremus,
942 687 1034 748 quem

60 767 213 827 maximis
227 764 391 824 florentem
408 764 592 835 virtutibus,
607 783 642 824 ac
658 764 831 842 Religionis
846 766 1033 844 praesertim

61 859 181 920 studiis
208 858 514 930 inflammatum,his
537 858 820 934 perturbatissimis
842 858 1034 934 temporibus
1113 921 1115 927 ,

63 957 157 1014 unice
179 957 408 1030 opportunum,
433 953 543 1011 utilem
565 971 600 1012 ac
616 941 787 1013 salutarem
809 956 841 1012 et
862 952 1031 1023 Ecclesiae,

64 1053 100 1108 et
120 1046 269 1123 Imperio,
287 1050 319 1106 et
340 1049 465 1104 sanctae
481 1045 552 1104 huic
574 1045 647 1104 Sedi
669 1045 809 1104 futurum
834 1061 1031 1102 noveramus.

128 1140 365 1202 Confirmarunt
380 1139 437 1198 hoc
459 1138 610 1198 iudicium
626 1141 662 1197 de
679 1139 735 1209 Te,
752 1143 785 1198 et
805 1138 952 1214 gaudium
967 1137 1034 1197 No-

65 1241 171 1295 strum
195 1236 338 1293 recentes
354 1234 433 1292 Ven.
457 1232 583 1292 Fratris
605 1232 743 1294 Ioannis
756 1231 883 1308 sifredi
896 1229 1031 1307 Maury,

65 1326 299 1404 archiepiscopi
320 1326 462 1397 Nicaeni,
479 1325 644 1402 apostolici
660 1333 756 1384 estro
777 1325 924 1385 ordi-nem
945 1325 1035 1385 Nun·

66 1423 110 1482 cii
132 1422 292 1492 Litterae,
308 1438 385 1495 quae
406 1422 439 1478 et
454 1419 575 1496 publice
590 1418 621 1476 in
639 1420 746 1479 tantae
768 1418 966 1478 celebrItatis
988 1435 1035 1476 so·

66 1516 237 1586 lemnibus,
260 1517 294 1572 et
315 1513 488 1589 privatim,
511 1531 579 1572 cum
602 1514 647 1570 'l'e
672 1513 790 1573 Nostro
816 1513 939 1571 nomine
961 1529 1034 1588 gra·

68 1607 194 1669 tulandi
217 1624 309 1666 causa
329 1606 477 1677 adiisset,
493 1610 611 1682 quanta
632 1605 676 1682 pii
696 1605 941 1680 excellentisque
969 1603 1036 1663 ani-

68 1705 111 1762 mi
124 1701 186 1762 Tui
199 1698 367 1776 specimina
379 1699 511 1768 dederis,
526 1699 756 1776 significabant.
767 1700 906 1758 Haerent
919 1698 1034 1756 infixae

69 1796 171 1856 menti
187 1799 329 1864 nostrae,
346 1811 380 1852 ac
396 1810 517 1868 semper
538 1793 714 1851 haerebunt
736 1793 822 1851 Tuae
848 1793 923 1852 illae
945 1810 1035 1850 voces

69 1889 229 1968 singulari
250 1890 360 1948 ardore
382 1885 537 1962 prolatae,
554 1905 623 1944 cum
636 1885 800 1962 religionis
813 1905 949 1958 causam,
965 1904 1036 1944 san-

69 1993 201 2061 ctaeque
219 1983 311 2041 libius
325 1981 413 2040 Sedis
434 1980 573 2039 rationes
588 1980 620 2038 in
635 1982 679 2038 Te
695 1980 796 2056 ipsum
811 1981 873 2039 reci
878 1998 951 2056 pere
966 1997 1035 2038 san·

68 2084 121 2139 cte
150 2076 369 2154 profitereris,
393 2074 485 2150 idque
513 2075 551 2132 ad
582 2075 647 2134 Nos
676 2074 828 2150 perscribi
859 2075 1032 2131 mandares.

68 2174 127 2233 His
150 2170 227 2230 Tuis
249 2168 363 2228 studiis
379 2168 599 2246 promissisque
622 2168 774 2245 permoti,
800 2168 906 2226 statim
930 2169 968 2226 ad
991 2167 1036 2225 Te

69 2269 145 2327 dare
160 2265 303 2326 Litteras
318 2261 476 2321 voluimus
489 2263 624 2323 Nostrae
644 2262 844 2338 gratissimae
860 2261 1035 2320 voluntatis

71 2366 182 2428 testes,
205 2375 402 2434 summaeque
425 2356 668 2432 gratulationis,
693 2374 751 2415 non
775 2356 874 2432 magis
896 2356 934 2414 ob
956 2374 1037 2416 nova

71 2457 159 2515 Tuae
174 2451 354 2529 dignitatis,
370 2469 461 2526 quam
477 2451 515 2509 ob
531 2449 706 2526 singularia
721 2452 859 2510 Tuarum
876 2451 1034 2509 virtutum

70 2548 266 2606 incrementa
287 2545 490 2620 interpretes.
507 2545 554 2603 Ex
577 2553 636 2620 quo
657 2543 753 2603 etiam
769 2548 868 2619 potes,
885 2543 917 2601 in
938 2562 1037 2619 quan-

71 2645 238 2716 tamspem
260 2655 299 2696 ex
314 2636 385 2695 istis
399 2635 543 2696 laudibus
558 2635 621 2694 tuis
637 2635 837 2706 attollamur,
854 2654 1032 2712 agnoscere.

130 2736 195 2795 Nos
210 2729 331 2808 quidem
348 2729 409 2788 iam
425 2735 517 2789 antea
531 2731 708 2806 Augustum
724 2728 905 2788 Genitorem
920 2731 1034 2802 Tuum,

71 2829 144 2886 dum
166 2826 316 2898 viveret,
338 2823 525 2882 commoveri
549 2823 650 2882 illatis
680 2823 778 2884 Nobis
799 2841 856 2900 per
884 2841 1036 2884 summam

72 2921 223 2981 iniuriam
251 2918 393 2991 damnis,
421 2935 537 2994 proque
565 2936 621 2978 sua
650 2919 808 2994 aequitate
841 2918 975 2977 excitari
997 2921 1035 2978 ad

72 3012 298 3091 suscipiendam
321 3030 445 3071 causam
465 3013 627 3086 Nostram,
651 3013 857 3072 laetabamur.
874 3014 1037 3090 Agebatur

73 3113 141 3168 tum
163 3109 201 3166 de
223 3105 418 3182 iniquissima
438 3105 625 3165 Nostrarum
642 3105 671 3164 in
696 3106 800 3166 Gallia
819 3107 971 3166 ditionum
994 3125 1035 3166 en

74 3201 182 3278 gallici
211 3201 390 3260 Conventus
412 3199 539 3257 decreto
562 3210 689 3275 peracta
710 3201 925 3277 occupatione,
948 3201 1037 3260 cuius

73 3293 150 3354 lacti
164 3293 324 3353 Memoria
337 3294 375 3352 ad
398 3292 501 3370 regias
515 3292 625 3365 Aulas‚
641 3295 674 3352 et
690 3294 729 3352 ad
743 3295 925 3355 Caesaream
948 3311 1039 3371 prae·

74 3387 175 3464 cipue,
191 3386 223 3446 in
245 3387 388 3446 meritam
404 3406 508 3448 omnes
531 3389 644 3447 tantae
653 3387 831 3447 iniustitiae
851 3388 1038 3448 detestatio·

75 3498 145 3542 nem
164 3481 354 3542 induximus.
