2386 4194
615 214 793 274 -168-

221 322 388 395 Dioeoesis,
411 325 445 381 et
465 324 588 383 demum
610 340 667 402 per
683 321 840 394 ltdiotum,
858 340 912 382 sen
927 321 1111 382 Mandatum
1126 338 1186 422 pro

224 415 480 493 Quadragesima:
503 435 581 494 quae
602 415 712 477 omnia
727 418 796 478 Tua
816 415 936 494 seripta
956 415 1044 476 hisee·
1065 391 1186 491 tempo-

120 523 125 548 *
224 509 311 568 ribus
326 509 490 586 aptissima
503 508 669 570 mirifleum
683 510 835 571 exhibent
845 509 985 571 studium
997 509 1099 568 Tuum
1110 525 1178 585 erga

225 603 408 664 universum
429 604 501 665 Tibi
520 603 718 666 commissum
736 592 1031 681 drogamundum
1054 620 1075 661 a
1094 601 1179 680 pesti·

224 697 300 757 feris
321 700 475 760 deducens
496 717 716 778 perversarum
737 699 854 778 legum,
878 716 933 758 seu
954 697 1100 758 fraudum
1127 715 1178 754 no·

224 789 391 853 vitatibus.
420 792 510 856 Nihil
538 799 736 872 potestesse
763 792 804 853 iis
832 790 961 869 seriptis
989 789 1176 868 sapientius.

223 884 303 944 nihil
324 888 362 946 sd
384 904 494 948 veram
513 887 730 949 insinuandam
752 887 904 964 pietatem
926 883 1127 962 flagrantius,
1146 884 1188 952 adl

219 977 443 1056 Evangelieam
472 980 647 1041 doetriuam
665 979 884 1041 declarandam
905 975 1188 1054 accommodatiust

225 1069 304 1131 nihil
326 1090 385 1132 non
407 1091 477 1133 eum
499 1073 618 1135 visibili
639 1074 796 1136 Ecclesiae
816 1073 938 1151 Capite,
961 1089 1030 1131 num
1050 1065 1188 1147 Aposto³

223 1163 286 1227 lios
306 1167 365 1228 heo
385 1169 484 1242 Sede,
510 1167 660 1230 veritatis
684 1167 809 1230 soilioet
834 1164 1028 1242 unitatisque
1057 1163 1173 1228 Genua

224 1259 324 1336 magis
344 1261 556 1322 consentiens.
571 1263 655 1329 Quae
671 1261 775 1321 omnia
787 1262 864 1334 Nos,
882 1277 942 1319 non
958 1262 1023 1319 tam
1037 1257 1079 1317 ad
1096 1272 1176 1315 novos

224 1352 436 1430 adiungendus
457 1356 543 1415 Tuae
564 1355 680 1415 virtuti
703 1354 859 1427 stimulos,
874 1345 966 1431 quam
988 1353 1026 1413 ad
1049 1348 1114 1410 'I'ui
1134 1367 1171 1408 no·

224 1443 317 1505 minis
345 1446 643 1506 commendationem
665 1445 761 1506 etiam
783 1451 877 1524 atque
899 1445 997 1504 etiam
1022 1443 1190 1516 inducuntl

224 1535 370 1598 Divinam
399 1539 515 1600 ideireo
543 1540 741 1619 agnoscimus
770 1539 1037 1611 misericordiam,
1067 1536 1172 1614 ipsique

225 1633 360 1706 quantas
372 1648 535 1709 possumus
548 1633 759 1710 persolvimus
781 1632 904 1710 gratias
924 1631 956 1690 in
979 1630 1038 1690 hae
1053 1629 1176 1688 maxima

225 1724 440 1801 communique
460 1726 612 1786 Nostrum
633 1725 771 1785 omnium
795 1722 1021 1796 tribulatione,
1043 1721 1084 1780 ed
1105 1737 1191 1798 eam,

225 1834 284 1893 que
305 1818 405 1896 magis
426 1817 656 1896 impetrandam
678 1835 846 1897 numquam
858 1819 994 1880 Nostrae
1014 1813 1191 1875 intermisi-l

224 1927 293 1970 mus
321 1927 450 1989 pneees,
474 1913 540 1974 ut
531 1932 563 1973 ru
585 1913 636 1975 his
657 1915 755 1976 tantis
782 1913 940 1992 angustiis
966 1929 1003 1972 ao
1030 1909 1176 1971 laboribus

224 2003 320 2066 talem
350 2005 471 2080 Nobis,
499 2007 657 2086 Vobisque
681 2009 825 2068 omnibns
853 2011 1014 2080 mentem,
1043 2004 1173 2072 oonsilio,

223 2096 367 2175 viresqne
389 2099 523 2173 tribuat,
539 2102 650 2178 quibus
663 2103 780 2166 Nostro
794 2102 950 2162 instantes
965 2098 1091 2160 muneri
1105 2099 1173 2158 eius·
1191 2092 1192 2172 ξ

222 2191 291 2250 dem
313 2192 461 2270 gloriam,
485 2194 702 2273 lioolesiaeque
722 2213 797 2256 suae
818 2212 954 2267 oausam,
978 2194 1010 2254 in
1033 2195 1094 2252 han
1117 2193 1171 2268 ipsa

222 2288 400 2362 temporum
415 2288 620 2361 adversitate,
633 2308 690 2367 per
710 2288 932 2350 inscrutabiles
954 2306 1082 2348 suorum
1106 2283 1167 2344 iud

222 2377 343 2441 oiorum
357 2381 438 2455 vias,
454 2384 553 2461 magis
567 2383 726 2462 magisque
741 2383 963 2456 sustineamus,
976 2400 1013 2442 ae
1029 2387 1170 2442 tueamur.

114 2471 119 2482 “
221 2471 268 2532 Ae
288 2475 327 2533 ad
348 2476 488 2537 oertiora
507 2477 691 2553 caelestium
713 2495 877 2538 munerum
898 2475 1038 2555 auspicia
1051 2477 1171 2551 Aposto-

221 2561 315 2624 lioam
329 2565 556 2646 interponimus
569 2571 834 2643 Benediotionem,
850 2588 943 2648 quam
964 2568 1051 2643 Tibi,
1067 2567 1174 2628 Dileeu

222 2658 288 2720 Fili
302 2663 429 2736 Noster,
443 2663 476 2724 in
490 2669 641 2742 paternae
655 2664 752 2726 etiam
766 2663 939 2742 singularis
951 2658 1175 2722 benevolentiae

222 2753 528 2834 existimationisque
549 2757 674 2836 pignus,
697 2757 856 2835 Gregique
871 2757 951 2830 Tuo,
966 2760 1174 2830 utrumquem

225 2846 322 2908 ullius
347 2848 464 2909 intrusi
484 2849 648 2923 Pastoris,
678 2851 728 2910 sed
758 2850 828 2910 veri
856 2847 1055 2927 legitimique
1084 2859 1174 2904 voeen

224 2944 387 3018 agnosoat,
409 2959 445 3003 ao
465 2945 628 3020 sequatur,
650 2945 853 3020 peramanter
872 2940 1087 3019 impertimur.

263 3035 379 3096 Datum
400 3037 519 3098 Romae
540 3035 621 3113 apud
643 3035 676 3096 S.
700 3038 833 3096 Petrum
855 3036 912 3096 sub
932 3032 1060 3095 Annulo
1082 3031 1175 3091 Pisen-

224 3127 316 3202 toris,
331 3127 380 3187 die
401 3122 478 3192 XVI
498 3129 620 3208 Aprilis
641 3128 1057 3203 Muouxul,1>ontiueatus
1077 3120 1175 3185 Nostri

223 3222 314 3280 Anno
336 3223 437 3283 XVII.

794 3316 992 3376 Benedictus
1012 3313 1101 3388 stay.
1136 3349 1138 3358 ι
