2456 4192
597 277 635 292 -
657 247 759 308 v1-

202 354 701 448 responsis,instructionibus,
719 360 753 424 et
767 353 869 423 etiam
882 354 1169 427 extraordinariis

156 453 162 464 ’
201 460 433 541 facultatibus,
448 457 575 550 quibus
591 478 651 548 pro
669 465 861 546 temporum
879 464 913 528 et
932 459 1087 529 locorum
1104 479 1167 528 ne·

200 563 360 636 cessitate
383 560 613 631 Ecclesiarum
631 566 784 650 pastores
812 560 911 629 auxit
928 612 936 642 ,
954 581 998 630 ne
1021 581 1064 629 ex
1089 561 1166 631 illa·

201 687 280 736 rum
302 665 433 734 delectu
464 662 652 754 quidquam
683 661 880 732 detrimenti
911 663 1080 734 catlrolica
1108 685 1167 736 res

202 774 388 861 pateretur.
455 848 460 855 ¹

247 873 383 944 Primus
399 872 489 942 inter
504 876 678 941 Romanos
694 868 877 940 Pontifices
893 868 953 962 qui
973 871 1166 943 recentiore

203 997 288 1048 aevo
303 977 385 1045 bare
400 975 569 1066 praestitit
584 973 707 1042 merito
723 971 915 1042 censendus
930 979 982 1043 cst
996 977 1089 1044 PlUS
1102 978 1163 1057 vl,

202 1099 271 1172 quo
287 1079 424 1150 sedente
440 1079 498 1148 illa
514 1096 669 1146 errorum
686 1082 853 1158 monstra,
871 1075 898 1146 si
915 1097 985 1145 non
1011 1075 1164 1167 primum

202 1189 305 1265 nata,
333 1183 474 1272 impune
497 1186 614 1252 tamen
641 1178 788 1268 grassari
819 1186 1026 1268 coeperunt;
1053 1185 1087 1248 ct
1110 1179 1164 1248 in·

202 1286 363 1357 cboaturu
386 1284 429 1354 ab
452 1304 493 1354 co
517 1303 603 1374 opus
621 1281 711 1352 illius
728 1282 763 1351 in
782 1283 977 1374 apostolica
1001 1283 1164 1354 catbedra

202 1409 415 1462 successores
431 1388 473 1458 ad
490 1388 580 1456 bane
595 1405 705 1477 usque
720 1385 810 1456 diem
832 1393 973 1458 strenue
990 1388 1163 1477 prosecuti

202 1498 295 1565 sunt.
312 1496 526 1581 Quapropter
539 1489 565 1560 si
580 1489 741 1559 univorsa
755 1489 881 1558 nedum
897 1491 946 1559 Pii
966 1495 1020 1571 Vl,
1037 1511 1162 1560 verum

199 1602 238 1665 et
252 1594 468 1685 sequentium
482 1587 686 1662 Pontificum
700 1597 788 1672 acta,
805 1592 930 1682 quibus
946 1592 1163 1682 gratioribus

185 1697 372 1766 'Ecclesiae
395 1694 647 1766 calamitatibus
670 1695 866 1765 consultum
891 1701 963 1776 est,
989 1695 1024 1763 in
1049 1715 1162 1764 unum

201 1799 468 1892 colligerentur,
490 1819 560 1880 non
584 1796 696 1868 solum
723 1806 987 1868 monumentum
1011 1818 1162 1888 perenne

202 1903 385 1972 baberetur
416 1900 603 1990 sapientiae
626 1906 659 1968 et
686 1900 927 1970 sollicitudinis
951 1900 1160 1988 Apostolico-

202 2026 280 2074 rum
305 2003 523 2084 Autistitum,
540 2024 662 2074 rerum
680 2010 715 2073 et
735 2005 855 2072 norma
879 2003 1064 2074 tutissima.
1085 2008 1161 2086 Qua

200 2129 321 2179 norma
344 2107 381 2176 in
407 2105 713 2178 turbulentissimis
728 2105 938 2194 temporibus
954 2107 1003 2175 uti
1021 2111 1162 2196 possent

201 2209 430 2280 Ecclesiarum
453 2213 624 2291 Redones,
648 2209 848 2298 praesertim
867 2207 895 2277 si
918 2207 1055 2300 quando
1072 2211 1160 2298 Apo·

202 2312 356 2384 stolicam
385 2311 503 2380 Sedcm
535 2311 629 2381 adire
659 2312 716 2382 vel
744 2311 922 2381 consulere
952 2310 1159 2403 nequirent,

201 2413 291 2506 quod
317 2434 386 2483 non
411 2413 514 2483 semel
532 2415 659 2484 laetum
680 2420 744 2493 est,
761 2420 796 2482 et
810 2433 949 2483 rursum
966 2433 1064 2505 posse
1079 2432 1160 2493 con·

201 2515 331 2604 tingere
354 2536 455 2585 nemo
479 2515 616 2606 sapiens
635 2513 858 2585 inficiabitur.
1105 2507 1127 2514 ”

267 2621 338 2686 lloe
352 2624 469 2687 autem
486 2618 559 2708 ipsa
571 2616 657 2687 duce
668 2615 879 2707 experientia
892 2615 977 2687 satis
993 2615 1158 2698 innotuit,

202 2739 242 2790 ac
264 2719 432 2789 maiorum
457 2726 653 2790 nostrorum
671 2719 729 2811 qui
747 2719 815 2790 illis
831 2718 1041 2810 temporibus
1064 2718 1160 2789 vixe-

202 2830 286 2893 runt
312 2824 469 2914 exemplo
497 2823 677 2914 probatum
709 2829 774 2893 est.
803 2821 844 2890 lli
870 2821 963 2890 enim
989 2821 1051 2892 rix
1077 2819 1159 2890 dum

202 2925 416 3014 respirarent
443 2947 463 2994 a
488 2924 690 2996 saevissima
713 2925 968 3015 persecutione,
995 2922 1160 2994 continuo

202 3027 444 3098 adlaborarunt
467 3026 664 3117 colligendis
687 3026 723 3096 in
747 3047 857 3096 unum
881 3027 930 3097 rii
949 3031 993 3096 Vl
1017 3029 1159 3116 Aposto-

202 3136 278 3207 licis
305 3135 430 3205 litteris
455 3140 490 3203 et
519 3134 717 3224 rescriptis,
753 3133 863 3225 iisque
898 3154 978 3203 cum
1008 3131 1158 3224 primum

201 3238 310 3319 licuit,
328 3237 574 3329 typographica
597 3244 669 3307 arte
692 3236 911 3317 excudendis,
929 3233 1157 3306 asservandis:

201 3341 305 3432 quod,
322 3346 398 3431 post
417 3341 655 3411 collectionem
678 3340 802 3410 celebri
832 3360 1005 3411 canonum
1028 3337 1159 3407 doctori

201 3443 388 3535 Zallirrgcro
415 3443 632 3532 adscriptam,
658 3450 691 3513 et
715 3445 886 3533 Augustae
905 3441 1158 3512 Vinrlelieorum

201 3545 328 3616 editam
357 3568 441 3617 ann.
463 3546 560 3629 1796,
586 3547 790 3637 praestitum
820 3551 872 3628 est
900 3565 921 3615 a
949 3543 1158 3634 presbyteris
