2514 4198
254 338 384 418 dignum
405 355 437 398 se
463 338 681 398 Successorem
709 335 856 398 exhibuit
882 333 1016 398 alterius
1039 333 1254 412 Babylonis

253 431 411 510 Episcopi,
433 429 555 492 scilicet
573 430 738 492 Dominici
765 429 887 503 Vorlct,
914 428 1069 504 hominis,
1094 433 1254 507 propter

254 525 390 587 schisma
410 525 656 589 Ultraieoteneis
668 527 841 599 Ecclesiae,
856 526 935 589 eatis
949 525 1028 586 noti:
1045 525 1139 587 alter
1153 544 1254 586 vero

253 617 386 697 periurii
407 618 485 678 item
507 637 605 694 rens,
628 621 662 679 in
690 620 796 680 odium
824 620 888 680 iam
917 624 952 681 et
977 618 1253 682 detestationem

254 713 404 772 bonorum
425 710 594 786 inciderat,
609 730 646 772 eo
659 714 741 792 quod
761 732 782 774 a
803 718 891 776 reete
910 712 1061 793 epiceopi,
1075 715 1254 792 capituli-

253 823 314 885 que
327 806 526 867 Bceileeosie
546 805 718 880 Ecclesiae,
733 808 823 869 cuius
844 809 901 870 ille
922 811 972 869 est
992 808 1249 886 suffraganeus,

255 900 400 961 doctrine
420 899 599 962 dissideret.
625 901 687 962 llla
707 901 809 980 igitur
830 901 900 976 die,
922 902 1086 980 epiecopus
1108 901 1251 979 Asopu-

254 995 471 1067 stodoncneie,
486 995 725 1072 cooperantibus
746 996 866 1056 duobus
885 994 970 1056 hisce
984 993 1160 1072 episcopis,
1176 1013 1249 1055 an-

255 1106 309 1149 sus
322 1091 372 1150 est
391 1087 423 1148 in
438 1088 579 1150 Ecclesia
592 1089 850 1167 presbyterorum
864 1088 1020 1161 oratorii,
1036 1088 1243 1165 irrequisito

255 1181 436 1255 ordinario,
451 1182 623 1262 sacrilegas
635 1201 745 1244 manus
759 1183 922 1262 imponere
934 1183 1060 1244 Aloieio
1074 1185 1241 1242 Aleman-

254 1276 314 1335 dro
334 1275 488 1353 Eupiliy,
504 1279 539 1336 et
553 1273 691 1337 Claudio
711 1277 1086 1338 Eustochio-Fraocieeo
1102 1275 1238 1336 Maroi-

257 1372 311 1440 tes,
327 1367 394 1427 sine
416 1365 482 1428 ullo
503 1368 701 1445 Apostolieae
723 1369 813 1430 Sedis
833 1370 991 1440 mandato,
1007 1366 1127 1428 omisso
1142 1367 1233 1428 iure-

257 1465 363 1522 mento
384 1461 579 1524 obedientiae
599 1461 748 1523 Pontifici
769 1462 916 1536 debitae,
939 1460 1127 1540 posthabito
1152 1478 1227 1520 exa-

257 1556 362 1630 mine,
385 1559 420 1618 et
439 1556 512 1616 fidei
538 1555 732 1616 consessione
756 1556 953 1634 praescripta
981 1555 1013 1614 in
1038 1552 1229 1614 Pontificali

257 1650 410 1723 Romano,
425 1648 458 1708 iu
472 1647 615 1708 omuibus
630 1648 772 1709 universi
792 1647 879 1708 orbis
891 1646 1040 1707 Ecclesiis
1054 1646 1230 1718 servando,

256 1740 437 1820 cunctisque
458 1743 625 1819 praeterea
645 1740 769 1818 legibus
788 1739 963 1818 neglectis,
986 1738 1133 1812 violetis,
1156 1757 1231 1817 pes-

257 1835 426 1910 sumdatis3
448 1833 527 1896 licet
547 1834 695 1912 ignorare
717 1853 776 1894 non
798 1837 928 1912 posset,
949 1833 1062 1892 horum
1083 1832 1228 1910 primum

257 1929 361 1990 minus
381 1929 444 1990 rite
466 1929 601 1991 electum
622 1928 719 1989 fuisse
740 1928 918 2007 episcopum
941 1925 1227 2004 Gorisopitcneem,

258 2029 370 2086 contra
390 2022 636 2101 Gorieopitcosis
649 2022 787 2101 Capituli
809 2023 962 2097 iteratas,
978 2026 1012 2082 et
1033 2028 1150 2100 graves
1175 2024 1230 2082 ob-

258 2118 456 2192 testationes,
471 2121 506 2177 et
519 2117 656 2178 alterum
677 2117 779 2178 multo
800 2116 903 2178 minua
918 2117 982 2178 rite
995 2115 1093 2176 fuisse
1107 2116 1230 2194 episeo-

258 2229 331 2290 pnm
352 2210 510 2272 Ecclesiae
531 2211 755 2272 Suessionenei
782 2213 913 2284 datum,
939 2229 1017 2289 quae
1043 2210 1226 2289 legitimum

257 2306 422 2365 Pastorem
443 2321 533 2364 sunm
555 2303 665 2364 vivum
686 2308 780 2381 utque
807 2304 995 2366 incolumem
1023 2304 1123 2364 habet
1146 2306 1224 2365 Ven.

258 2397 406 2459 Fratrem
416 2395 987 2474 Heoricum-Ioecpiumlcudium
1000 2399 1040 2458 de
1053 2398 1228 2460 Bourdeil·

261 2494 316 2562 ies,
332 2491 385 2569 qui
406 2491 538 2569 proinde
560 2489 652 2550 officii
674 2491 723 2552 sui
744 2494 851 2568 partes
866 2509 932 2551 esse
947 2492 1088 2569 putavit,
1104 2492 1226 2554 acriter

247 2585 291 2654 ¹in
314 2587 419 2644 ectum
439 2587 549 2645 tantm
571 2583 800 2660 profanationis
822 2582 994 2659 invehere,
1016 2588 1226 2664 prompteque

259 2678 360 2739 allata
373 2694 430 2755 ope
446 2695 519 2737 snae
534 2675 669 2736 dioecesi
683 2675 857 2751 consulere,
873 2678 1131 2754 quemadmodum
1145 2678 1227 2740 eins-

259 2773 328 2834 dem
349 2769 493 2844 litterae,
508 2767 686 2846 insequenti
708 2786 780 2829 mox
801 2768 851 2828 die
864 2768 905 2830 25
918 2767 951 2827 in
971 2768 1086 2847 vulgus
1107 2771 1224 2844 editae,

259 2867 361 2944 ipsum
382 2864 491 2926 fecisse
514 2864 686 2923 testantur.

318 2959 461 3021 allatum
483 2957 580 3018 etiam
602 2959 708 3018 eodem
731 2958 873 3034 tempore
894 2957 931 3016 ad
953 2958 1018 3020 Noa
1033 2957 1104 3031 est,
1121 2959 1225 3018 uomi-

260 3055 369 3115 natnm
390 3052 517 3114 Liddcc
537 3050 737 3129 episcopum,
760 3050 896 3128 primum
917 3048 1036 3112 crimen
1059 3067 1142 3111 novo
1165 3051 1224 3112 cri-

260 3147 345 3209 mine
365 3145 550 3208 cumulasse.
566 3145 623 3206 Die
644 3143 726 3204 enim
741 3145 782 3206 27
796 3143 935 3205 eiusdem
956 3143 1072 3204 mensis
1086 3145 1224 3206 Februa·

260 3239 325 3312 rii,
348 3239 407 3300 sibi
430 3237 518 3299 novis
540 3236 827 3316 pseudo—episcopis
853 3237 995 3315 Eupilly
1016 3240 1051 3298 et
1070 3238 1224 3300 Marones

261 3334 294 3392 in
316 3333 415 3394 socios
437 3331 618 3406 adiunctis,
641 3348 734 3392 aurun
762 3330 869 3392 iuerat
891 3331 923 3391 in
947 3333 1056 3392 eadem
1084 3333 1224 3394 Ecclesia

262 3427 413 3506 sacrilege
442 3443 623 3489 consecrare
650 3426 683 3484 in
705 3423 880 3503 episcopum
904 3425 1111 3504 Aqueoeem,
1132 3445 1224 3504 paro·

263 3523 355 3585 chum
376 3521 539 3594 scuriae,
565 3519 708 3598 quamvis
728 3520 805 3580 haec
825 3518 921 3584 etiam
942 3517 1086 3581 Ecclesia
1106 3521 1221 3598 optimo
