2456 4192
41 301 227 380 ›exsequeris
248 301 440 364 auctoritate
452 303 533 374 Tuu,
555 301 587 361 in
609 301 648 360 iis
669 299 812 379 purgari,
825 298 973 377 quidquid

41 397 205 475 ›illigitimi
220 413 287 458 esse
303 397 401 476 possit
414 396 586 458 invectum.
602 414 621 457 u

84 491 133 552 llis
159 491 300 550 omnibus
328 490 417 551 eddis
443 489 598 568 denique,
628 507 755 568 negasse
781 491 825 550 Te
851 486 975 566 quidem

40 584 163 644 hucterms
191 583 428 644 institutionem
457 585 532 645 dare
553 585 695 645 Perocho
720 586 759 646 de
787 581 977 646 aamercort

40 677 63 736 in
74 695 176 738 uorum
189 680 379 756 Episcopum
391 677 621 740 Versulieusem
636 679 751 750 elect03
766 677 819 738 sed
833 678 975 736 metuere

43 772 87 844 Te,
104 788 139 830 ne
159 771 320 832 Parochus
342 768 403 830 iste
425 769 542 830 iterum
564 773 659 846 atque
679 770 797 831 iterum
818 769 899 828 idem
921 783 976 844 po·

45 864 125 938 ululet,
146 865 315 940 sedemque
336 862 394 924 elii
414 863 514 924 etiam
535 864 693 942 flagitent,
716 862 764 925 ite
783 867 821 923 ut
835 861 880 922 nil
901 859 978 920 reli·-

44 975 110 1032 quum
127 957 198 1018 Tibi
221 958 276 1032 sit,
291 957 378 1036 'quod
394 973 481 1034 agas,
498 957 560 1018 nisi
575 963 612 1018 ut
625 961 681 1018 eut
701 974 822 1018 annues
836 956 976 1026 tandem,

43 1052 190 1112 sutSedem
204 1051 375 1129 relinquam
384 1052 517 1128 dumque
529 1052 606 1112 haec
616 1049 763 1121 affirmas,
776 1037 853 1111 suti's
866 1053 976 1127 aperte

41 1146 150 1206 ostendis
164 1147 212 1205 Te
227 1146 360 1223 primam
375 1142 480 1221 potius
494 1146 617 1222 partem
630 1143 791 1222 amplecti:
804 1145 880 1205 heec
893 1141 977 1202 enim

40 1255 95 1298 nox
112 1239 208 1300 verbe
229 1237 402 1316 subiungis:
425 1239 582 1300 «Vereor
602 1238 633 1299 id
655 1238 815 1312 ultimum,
837 1237 923 1316 qnia,
946 1236 978 1295 ni

40 1331 151 1405 ›fallor,
173 1333 393 1394 redundarent
412 1332 519 1410 aliqua
540 1333 571 1392 in
593 1349 714 1394 sacram
736 1329 833 1409 ipsam
856 1332 980 1408 Purpu-

41 1443 137 1501 ›rem,
161 1432 197 1489 et
223 1427 317 1504 quie,
339 1429 458 1503 quanta
484 1425 702 1502 impenderent
729 1425 813 1486 mule
838 1424 978 1486 Dioecesi

44 1535 145 1596 smum,
166 1521 324 1600 prospicio
345 1519 557 1582 evidenter.»

91 1617 157 1678 Setis
171 1615 319 1693 equidem
332 1611 439 1674 verbis
453 1611 613 1690 explicare
624 1631 685 1675 non
697 1603 871 1692 possumus,
883 1631 980 1691 quan-

50 1709 162 1771 toenimi
185 1709 299 1772 Nostri
319 1723 460 1770 moerore
486 1709 561 1768 hece
576 1727 595 1770 u
609 1710 653 1768 Te
666 1707 815 1786 proferri,
831 1713 864 1770 et
883 1707 979 1770 scribi

45 1799 245 1876 intelleximus,
268 1821 347 1880 quae
368 1802 504 1863 maxime
524 1801 630 1862 virum
653 1803 805 1862 dedecent
816 1802 981 1877 Archiepi-

43 1897 133 1973 scopeli
152 1897 333 1974 dignitate,
356 1899 390 1955 et
409 1894 631 1957 Gurdinulatus
651 1896 770 1956 honore
793 1894 977 1972 fulgentem.

44 1991 87 2048 ist
102 2011 154 2052 non
177 1994 229 2052 est
250 1989 342 2050 huius
361 1987 443 2061 loci,
468 2006 524 2049 nec
543 1988 695 2065 temporis
716 1990 762 2048 Te
782 1988 978 2056 convincere,

46 2099 136 2158 eorum,
155 2085 189 2144 in
212 2101 289 2160 quos
311 2099 344 2142 es
364 2080 541 2159 prolapsus,
556 2094 713 2155 errorum
728 2081 859 2142 dicimus
874 2085 979 2144 temen

44 2177 131 2252 obiter,
152 2178 234 2256 qnod
257 2193 317 2236 non
339 2175 439 2235 maius
460 2175 591 2235 dedecus
605 2177 769 2254 Purpureo
789 2175 908 2237 inferre
929 2191 982 2252 po·

42 2269 123 2345 luisti,
142 2288 237 2348 quam
257 2260 429 2329 emittendo
450 2267 585 2355 ciricum
607 2271 849 2342 sacramentum,
865 2267 982 2345 ipsum·

39 2382 84 2440 qne
101 2365 305 2443 exsequendo,
331 2362 398 2422 sive
424 2363 496 2422 dum
521 2362 684 2440 antiquum
705 2365 786 2424 Veu.
801 2363 981 2440 Capitulum

40 2458 175 2524 Ecclesiae,
196 2461 283 2518 Tuae
304 2457 450 2532 abrogas,
474 2456 540 2516 sive
562 2457 635 2516 dum
655 2454 769 2516 alienis
783 2455 981 2516 Dioecesibus

41 2568 128 2612 nunus
138 2552 254 2625 iniicis,
264 2551 337 2611 Tibi
345 2567 402 2628 per
413 2549 540 2610 civilem
549 2554 737 2627 potestatem
749 2545 851 2609 minus
859 2548 922 2609 rite
934 2551 982 2608 at-

44 2643 161 2706 tributis:
174 2649 285 2724 nequit
298 2645 329 2704 id
345 2645 377 2704 in
391 2643 582 2705 detestabile
597 2642 717 2704 lacinus
732 2660 794 2702 non
805 2641 979 2702 incurrere.

84 2738 228 2816 Perlegas
243 2739 369 2816 oportet
380 2739 494 2798 Cenon.
509 2738 538 2797 4.
549 2735 680 2798 (lonoilii
691 2732 910 2812 Lugdunensis
922 2731 981 2809 (l),

38 2827 62 2886 iu
79 2849 134 2908 quo
151 2836 307 2893 statutum
323 2830 402 2902 fnit,
418 2831 498 2907 quod
514 2829 642 2891 absente
657 2845 697 2887 ex
707 2827 896 2889 necessitate
910 2823 983 2901 Epi·

40 2939 131 3001 scopo,
153 2943 240 2986 nemo
266 2926 381 2986 audeat
401 2925 433 2983 in
455 2923 523 2984 eius
552 2922 638 2983 abire
659 2921 781 2992 locum,
804 2937 859 2978 nec
888 2917 986 2978 sacri-

41 3012 179 3092 ficiorum,
193 3021 250 3080 aut
270 3015 504 3078 ordinationum
529 3013 684 3094 mysteria
704 3013 880 3084 celebrere
902 3011 984 3089 qnod
1057 3019 1062 3029 “

39 3105 103 3168 siin
124 3112 179 3172 hec
200 3111 396 3182 temeritate,
412 3110 463 3171 rel
485 3109 616 3170 audacia
636 3109 766 3186 quisque
787 3105 983 3184 proruperit,

39 3217 89 3260 uon
111 3204 207 3266 solum
229 3205 262 3266 in
285 3203 423 3266 Concilio
450 3205 725 3280 redarguendum,
751 3217 862 3262 verum
887 3200 983 3260 etiam

39 3299 236 3360 communione
263 3300 416 3360 Fratrum
437 3296 580 3359 futurum
603 3295 730 3358 noverit
753 3293 900 3355 alienum.
924 3293 985 3354 Sed

91 3506 124 3558 ‹1›
141 3505 170 3552 ln
186 3504 287 3554 collect.
299 3501 425 3553 Haedum.
437 3505 508 3553 nom.
521 3505 556 3550 11.
567 3513 625 3562 pag.
639 3503 707 3550 105&
