2374 4196
300 304 409 366 vendis
428 302 658 366 Ecclesiasticis
678 300 829 375 intrusis,
852 303 887 361 et
910 298 1078 366 facultates

299 397 574 460 easdemconcedit
576 440 960 457 ........
999 411 1074 471 pag.
1094 391 1145 451 327

124 569 125 572 Ἴ
202 494 280 557 1792
299 495 319 554 8
338 491 475 570 Augusti
488 523 506 537 ·
518 492 728 568 Responsum.
740 491 929 550 hanoisco
941 493 1076 559 fluum

298 590 371 648 riae
380 587 819 658 aegrescinaomanorum
829 587 1076 655 Imperatorem

299 685 421 742 eleeto.
434 679 625 741 Gratulatus
645 680 683 738 de
704 677 843 738 eiusdem
861 676 1017 737 electione
1040 676 1072 735 in

297 777 508 836 Romanorum
529 776 766 851 Imperatorem.
793 773 951 832 Hortatur
971 774 1008 830 ut
1026 789 1074 830 re·

298 868 427 948 ligionis
439 866 649 928 incolumitati
664 865 836 944 prospiciat
846 886 854 939 3
866 883 928 941 qua
943 864 1075 936 abiecta,

297 963 330 1024 in
352 963 519 1034 tumultus,
541 960 728 1020 rebelliones
741 977 776 1019 ac
792 959 916 1019 ruinam
930 957 1077 1018 facillime

297 1075 396 1136 regna
410 1039 620 1135 prolabuntur
630 1097 1012 1115 ........
1057 1067 1075 1109 i
1094 1049 1147 1108 328

301 1152 341 1212 12
360 1147 632 1228 Septembris-Si
651 1166 706 1209 eus
733 1150 831 1208 inter.
864 1149 976 1207 Yuoni
1002 1149 1076 1206 Aie-

298 1249 430 1307 xandro
450 1245 721 1314 Archieplsoopo
740 1243 975 1312 Lugdunensi.
996 1243 1079 1302 Lan·

299 1341 355 1400 dat
374 1339 440 1399 eius
461 1339 604 1397 ardorem
626 1353 662 1396 ao
676 1335 813 1395 studium
829 1351 906 1414 erge
919 1333 1076 1412 Apostoli·

299 1450 368 1494 cam
395 1431 524 1506 Sedem,
554 1434 586 1491 et
606 1429 793 1490 catholicam
814 1429 907 1488 fidem
933 1434 993 1488 ete.
1015 1431 1077 1488 Re-

299 1527 432 1604 spondet
445 1524 616 1599 dubitanti,
627 1526 780 1602 quomodo
795 1523 1003 1604 intelligenda
1013 1522 1076 1581 sint

299 1619 486 1682 facultatum
508 1618 632 1678 indulta
644 1616 804 1695 Episcopls
818 1616 994 1677 Galliarum
1009 1634 1078 1674 con-

300 1732 405 1788 cessa;
434 1716 467 1773 et
491 1729 626 1788 quonam
654 1711 743 1770 modo
764 1728 800 1771 ao
822 1711 947 1771 ratione
967 1711 1075 1770 iisdem

299 1810 449 1868 utendum
470 1808 526 1881 sit,
549 1806 735 1883 praesertim
757 1805 789 1864 in
811 1805 1010 1866 absolvendis
1029 1805 1077 1863 in-

301 1902 398 1963 trusis
410 1907 505 1980 atque
525 1903 563 1960 ad
586 1901 736 1961 beneficia
754 1899 1015 1977 redintegrandis.
1057 1895 1147 1956 »332

301 1996 340 2057 10
353 1994 509 2057 Octobris.
524 1997 678 2060 Litterae
692 1996 900 2065 Encyclioae
914 1995 952 2054 ad
975 2010 1077 2052 omues

299 2089 466 2166 Episcopus
481 2087 666 2148 Pontificiae
681 2087 812 2148 ditionis
823 2106 880 2164 pro
893 2086 1077 2164 recipiendis

300 2182 521 2243 ecclesiasticis
548 2182 707 2260 personis,
739 2200 817 2260 qnae
839 2201 878 2243 ex
905 2183 1076 2244 Galliarum

299 2295 398 2354 regno
419 2277 618 2354 emigrarunt
633 2321 1015 2338 ........
1057 2272 1145 2333 »343

299 2372 337 2432 21
360 2371 548 2432 Novembris
561 2405 575 2417 -
588 2372 681 2432 Noua
702 2375 763 2432 illa
782 2375 876 2450 supa.
900 2373 1075 2442 Archiepi·

300 2482 405 2537 scopo
415 2467 606 2526 Parisiensi
615 2471 650 2524 et
659 2467 846 2537 episcopis
859 2469 1077 2536 cevenarum,

299 2563 508 2620 Nemausen.
534 2561 741 2620 Meclavien.
770 2561 906 2619 briaen.
939 2565 974 2619 et
1000 2562 1074 2620 Lin-

302 2669 424 2725 gouen.
446 2653 551 2735 Dolet,
574 2655 653 2730 quod
676 2671 789 2713 novam
811 2653 917 2730 lugam
941 2654 1077 2731 arripere

300 2747 403 2806 adacti
424 2746 545 2807 fuerint
566 2748 603 2807 ob
625 2746 800 2809 sabaudiae
821 2753 883 2807 etc.
906 2747 1079 2824 occupatio-

302 2860 383 2902 nem.
406 2843 484 2910 Quid
507 2843 573 2920 ipse
595 2843 699 2920 egerit
719 2842 911 2918 excipiendis
939 2843 1079 2902 ecclesia-

300 2937 389 2996 sticis
405 2936 485 2997 viris
503 2937 608 3014 patria
625 2936 853 3014 emigrantibus
864 2957 873 3010 ς
885 2937 970 3014 ·quid
993 2953 1080 3014 prae·

303 3029 401 3089 stabit
421 3029 453 3089 in
476 3029 655 3107 praesentia
689 3074 1018 3092 .......
1061 3027 1153 3088 »345

300 3122 336 3182 21
361 3124 550 3184 Novembris
570 3154 589 3167 -
610 3122 749 3196 ignotae
776 3126 914 3183 nemini.
947 3127 1080 3183 Germa·

300 3219 380 3277 niae
400 3219 705 3290 Archiepisoopie,
727 3224 763 3277 et
782 3219 989 3290 Episcopis,
1016 3220 1080 3276 Ab·

301 3314 458 3384 batibus,
479 3313 697 3384 Abbatissis,
727 3313 900 3382 capitulis
928 3318 964 3372 et
991 3317 1080 3373 clero

301 3410 372 3466 tem
390 3407 561 3467 saeculari
572 3421 675 3477 quem
686 3407 849 3476 regulari.
866 3406 978 3466 Refert
991 3425 1081 3484 quam

302 3498 453 3560 alacriter
480 3499 511 3559 in
540 3499 662 3561 ditione
689 3499 859 3561 Pontificia
885 3507 980 3580 atque
1005 3501 1081 3562 alibi
