2498 4200
245 323 373 400 adigere
400 335 494 378 ausus
526 323 575 378 est
602 319 640 377 ad
663 315 826 376 Vicarium
845 315 1065 393 (iapitularem
1099 317 1232 394 eligen-

245 419 330 486 dum,
352 432 388 472 eo
410 412 466 472 sub
487 413 666 488 praetextu,
691 415 728 471 ut
748 409 841 471 iuxta
861 409 1018 470 Gallicani
1030 411 1228 472 Conventus

243 511 389 582 Decreta,
411 519 468 582 per
488 505 721 565 Avenionenses
741 508 898 581 suscepta,
914 503 1025 562 haberi
1047 503 1230 579 Archiepi·

239 611 355 678 'scopus
381 599 512 658 deberet
531 602 691 676 tamquam
723 601 868 659 civiliter
894 605 1063 668 mortuus,
1090 597 1228 673 eiusque

244 693 386 756 Ecclesia
406 696 566 769 tamquam
587 711 643 752 seo
663 692 804 752 viduata
823 691 969 764 Pastore,
986 707 1024 749 eo
1046 691 1142 768 quod
1165 689 1229 766 ipse

240 777 407 847 ¹'liuenione
428 788 512 845 state
533 787 673 862 tempore
695 803 756 843 non
779 783 916 844 stitisset
937 801 986 857 sc,
1009 800 1124 858 neque
1147 781 1229 840 eivi-

244 897 315 940 cum
335 879 552 939 iusiurandum
573 877 751 937 detulisset.

304 973 472 1050 Negarunt
490 970 650 1042 Ganonici‚
667 987 700 1029 se
720 987 758 1030 ea
778 969 907 1045 exsequi
920 969 1006 1029 iussa
1020 985 1125 1046 posse
1149 987 1226 1046 quae

148 1065 152 1075 ’
242 1066 367 1130 cunctis
387 1065 548 1127 Ecclesiae
575 1063 695 1142 regulis
723 1065 980 1124 adversarentur.
996 1065 1043 1124 At
1066 1055 1247 1136 Offlcialis}

244 1159 382 1223 minatus
396 1163 445 1220 est
466 1159 586 1218 tamdiu
608 1159 842 1236 prohibiturum
857 1156 994 1229 milles,
1014 1174 1053 1216 ne
1079 1158 1165 1218 inde
1180 1177 1226 1236 pe·

246 1259 315 1317 dem
334 1255 497 1326 efferrent,
513 1251 659 1330 quamdin
674 1254 713 1313 ad
728 1251 851 1313 Vicarii
866 1252 1054 1312 electionem
1083 1271 1156 1313 non
1179 1271 1225 1311 ve·

246 1349 376 1410 nissent.
396 1347 502 1409 Acciri
528 1349 603 1406 tnnc
630 1346 799 1408 Notarium
827 1345 975 1408 Oanonici
996 1347 1221 1422 postularunt,

242 1435 300 1522 qui
322 1442 359 1502 de
380 1443 416 1501 ui
436 1440 495 1500 sibi
516 1440 609 1500 illata
623 1439 839 1499 testimonium
854 1439 967 1498 ferret.
978 1437 1041 1497 Sed
1057 1440 1218 1515 petitione

244 1536 375 1616 illorum
398 1533 528 1606 reiecta,
540 1532 689 1594 officialis
712 1535 826 1594 eisdem
848 1535 989 1593 chartam
1006 1531 1181 1606 exhibuit,
1194 1533 1220 1592 in

245 1645 306 1707 qua
326 1636 394 1688 ecto
415 1627 564 1688 Virorum
586 1625 711 1685 nomina
731 1629 824 1686 erent
844 1623 1015 1702 exscripta,
1037 1645 1127 1704 quos
1142 1627 1223 1686 inter

244 1721 407 1782 Vicarium
429 1719 554 1779 omnine
579 1717 656 1796 eligi
678 1720 860 1796 opertebat,
883 1721 1050 1796 eodemque
1075 1723 1223 1800 tempore

245 1815 405 1887 advocari,
421 1817 515 1891 atque
529 1813 703 1874 intromitti
719 1812 812 1874 iussit
825 1813 1017 1875 Peucetiam
1028 1816 1222 1888 Notarium,

245 1914 279 1970 et
299 1908 516 1984 Escuyeriem
531 1907 799 1985 'Municipulitatis
819 1907 1052 1982 secretarium,
1077 1911 1141 1988 qui
1164 1910 1223 1970 ele-

241 2001 343 2064 ctioni
364 2001 565 2062 interessent.
582 2003 718 2061 Frustra
738 2003 837 2062 denuo
851 2001 953 2061 obniti
973 2006 1092 2063 contra
1117 2021 1223 2082 perre-

246 2096 366 2156 xerunt
385 2093 550 2167 Canonici3
574 2095 626 2154 sed
648 2095 687 2154 iis
708 2097 745 2154 ad
768 2093 952 2172 suffragium
978 2095 1155 2157 ferendum
1177 2115 1224 2156 co·

246 2189 338 2260 actis,
353 2188 400 2248 ita
414 2205 465 2246 res
487 2207 519 2248 se
540 2188 671 2265 denique
692 2188 823 2262 hebuit,
839 2191 876 2247 ut
897 2204 986 2247 nemo
1007 2191 1072 2248 rite
1098 2190 1220 2251 electus

246 2283 306 2343 diei
328 2285 443 2358 posset.
459 2282 508 2341 Ex
522 2281 627 2342 decem
647 2281 730 2340 enim
751 2281 925 2354 canonicis,
941 2280 1042 2358 quiin
1063 2282 1218 2361 capitulo

246 2377 396 2451 aderant,
429 2375 604 2436 Mulierius
634 2375 806 2438 canonicus
836 2375 1035 2436 Gathedrells
1070 2387 1220 2454 quatuor

247 2472 413 2532 dumtaxat
433 2469 544 2529 habuit
564 2468 728 2546 suffragia,
751 2469 814 2528 duo
835 2469 882 2528 De
902 2469 1036 2529 Praetie
1056 2469 1152 2530 alter
1166 2474 1219 2535 Oa-

246 2565 398 2625 thedralie
420 2564 603 2636 canonicus,
620 2562 812 2640 totidemque
826 2562 1101 2640 Meseunyeouiees
1117 2567 1217 2627 Gano-

238 2660 334 2720 'nieus
360 2659 556 2736 collegiatae
578 2660 610 2718 S.
625 2657 764 2730 (linesii‚
787 2660 821 2717 et
854 2659 953 2717 ceteri
981 2659 1123 2736 quinque
1148 2660 1219 2720 nul·

246 2756 312 2816 lum
333 2752 470 2813 omnino.
485 2752 596 2812 Voluit
617 2755 722 2810 tamen
743 2752 936 2828 Depretias,
959 2756 996 2812 ut
1018 2753 1137 2814 electio
1164 2758 1219 2814 hu-

247 2845 379 2908 iusmodi
399 2844 560 2917 Mulierii,
583 2843 621 2904 ad
643 2861 735 2920 quam
757 2861 818 2903 non
840 2847 948 2905 maior
967 2844 1110 2922 Capituli
1130 2864 1217 2923 pars,

248 2945 283 3002 ut
304 2959 344 3000 ex
365 2940 434 2999 iure
455 2957 531 3016 opus
552 2943 612 3011 est,
625 2937 677 2996 sed
698 2946 842 3016 quatuor
856 2939 1021 2999 dumtaxat
1035 2937 1217 3018 suffragan-

246 3040 296 3096 tes
322 3036 539 3106 accesserant,
556 3050 619 3110 pre
645 3035 806 3093 canonica
833 3032 1025 3108 haberetur3
1049 3034 1215 3111 voluitque

247 3129 394 3204 insuper,
417 3130 454 3186 ut
479 3125 646 3200 canonici,
669 3125 745 3185 licet
773 3125 869 3186 inviti
890 3130 924 3186 et
949 3125 1106 3187 incessum
1129 3129 1215 3187 reln-

247 3223 383 3295 ctantes‚
406 3238 460 3281 suo
481 3219 572 3281 illam
594 3219 718 3279 nomine
738 3221 985 3297 subsisterent·
1004 3239 1040 3282 ec
1063 3221 1216 3298 gravibus

239 3313 415 3393 ‚propositis
440 3313 565 3390 poenis,
587 3313 692 3372 vetuit
716 3314 778 3372 tarn
810 3313 1026 3390 praesentibus
1047 3331 1142 3390 quam
1165 3313 1216 3374 ab

247 3407 388 3469 sentibus
401 3407 556 3472 ¹Noturita
577 3405 736 3480 civitatis,
759 3423 797 3464 ne
818 3423 1025 3483 quascumque
1046 3406 1215 3467 Canonico-

247 3519 317 3562 rum
340 3499 583 3578 protestationes
602 3498 635 3556 in
658 3497 723 3558 suis
744 3497 833 3558 Actis
855 3496 1084 3565 exscriberent.
