2386 4194
375 217 493 291 -'151
516 261 555 280 -

38 355 75 396 suo
84 340 199 411 Pastore,
211 349 280 400 ven.
296 340 397 400 fratre
410 335 691 415 Omnia-Angusto
702 337 849 416 Leqnien
863 337 948 399 laete

38 433 181 508 potestat
189 432 380 510 perfruatur.
395 434 443 492 Ex
457 448 519 508 quo
533 429 642 490 evenit
656 429 800 499 fortasse,
816 433 852 490 ut
865 429 948 489 idem

35 523 124 585 libiae
146 526 296 604 episcopus
315 522 589 601 Ioannes-Ioseph
619 519 737 595 Gabel,
767 523 804 583 ad
835 521 948 584 Eccle-

34 617 85 676 siam
102 618 320 692 Pumsimsm,
342 617 417 677 vivo
439 616 539 676 adhuc
560 614 812 693 archiepiscopo,
829 613 949 675 electus

33 709 100 768 tuerit
111 712 237 789 exemplo
252 712 415 790 Iscbyrae,
431 709 497 788 qui,
513 709 557 769 ad
573 711 863 786 compensationem
883 725 949 769 sce·

33 806 90 876 ieris,
103 808 291 887 obsequiique
298 809 464 885 praestiti,
477 805 509 866 in
520 807 705 877 accusando,
721 808 755 866 et
768 821 788 863 a
801 821 859 864 sua
868 803 947 864 Sede

33 900 183 961 exturbando
202 901 234 963 S.
251 903 460 973 Athanasio,
483 899 546 960 suit
573 898 606 959 in
634 897 842 960 conciliabulo
864 897 945 975 Tyri

35 992 149 1070 episcopus
168 995 304 1055 eiusdem
325 993 470 1054 civitatis
490 990 704 1054 renunciatus.

67 1086 174 1148 Molesti
200 1089 233 1148 hi
259 1088 408 1166 quidem,
434 1087 604 1164 tristesque
635 1083 740 1144 nuncii
768 1083 946 1144 incredibili

32 1179 128 1241 uiuum
144 1183 292 1243 Nostrum
307 1181 414 1242 dolore
427 1199 464 1242 ac
479 1196 620 1240 moerore
633 1179 868 1254 oppresserunt.
886 1177 945 1236 Sed

31 1287 63 1346 spe
73 1274 96 1331 in
109 1278 195 1349 Deum
209 1275 322 1349 erecti,
338 1274 408 1354 cogi
421 1275 540 1336 iterum
562 1271 720 1343 iussimus,
737 1269 788 1330 die
804 1271 842 1330 17
863 1287 948 1330 men-

30 1363 56 1420 tis
70 1367 170 1441 Martii,
184 1371 314 1430 eandem
335 1367 548 1430 Cardinalinm
564 1363 853 1443 congregationem,
867 1380 945 1440 quae

31 1455 109 1533 Nobis,
122 1462 199 1524 aaut
220 1463 322 1535 elias,
344 1462 376 1524 in
399 1478 433 1522 re
456 1464 520 1521 tum
543 1460 652 1537 gravis
679 1456 831 1518 momenti
859 1473 947 1518 suam

35 1555 173 1616 erastum
201 1557 416 1635 expromeret.
439 1557 579 1631 Dumque
607 1553 639 1612 in
661 1569 697 1612 eo
719 1550 946 1623 versabamur,

36 1647 57 1700 ut
65 1646 297 1711 deliberationem
312 1665 554 1730 exsequeremur
564 1663 635 1706 cum
649 1644 781 1706 consilio
795 1645 947 1705 (tardius-

34 1731 79 1794 liun
93 1746 280 1820 susceptam,
301 1759 373 1802 ecce
394 1740 476 1802 alius
496 1739 592 1800 istius
612 1737 715 1816 Regni
738 1735 946 1808 tabellarius,

31 1825 61 1884 iic
73 1832 100 1892 ll
118 1835 191 1897 dicti
212 1834 341 1906 mensis,
356 1836 393 1895 ud
411 1852 467 1894 uos
487 1833 603 1904 defert,
619 1829 745 1890 Liddac
759 1829 947 1907 episcopum,

30 1925 161 2012 nequiorem
178 1929 278 1990 etiam
294 1929 451 2000 effectum,
464 1945 500 1987 ao
511 1922 947 2004 pseudo-episcopisEmpilly

31 2015 51 2069 et
63 2015 178 2083 lamine
198 2022 364 2095 sociatum,
381 2022 463 2082 dieb
477 2021 616 2080 eiusdem
637 2017 765 2090 mensis,
780 2016 812 2076 in
840 2013 947 2076 eadem

33 2103 133 2184 beleis,
148 2115 318 2192 eademque
339 2113 495 2192 sacrilega
516 2130 623 2186 manu,
639 2127 834 2172 consecrasse
855 2125 948 2187 paro-

31 2198 85 2261 clm
101 2207 250 2280 Messian,
275 2225 370 2268 unum
391 2224 431 2266 ex
453 2205 613 2283 deputetis
632 2203 782 2282 gallicani
803 2205 948 2265 Conven-

29 2293 67 2362 iit
82 2297 107 2356 in
126 2301 302 2379 episcopum
324 2299 602 2369 Bellovacensem;
622 2287 791 2374 parocbum
813 2295 946 2367 Lindei,

19 2381 123 2450 ¹aiterum
142 2393 220 2455 item
236 2411 277 2454 ex
292 2392 464 2470 deputetis,
476 2391 508 2451 in
521 2392 697 2468 episcopum
708 2389 950 2461 Ebroicenscm·

19 2483 153 2550 *uratum
174 2487 336 2558 Luni-ent,
354 2485 491 2546 alterum
512 2483 635 2562 pariter
655 2500 695 2542 ex
717 2483 876 2561 deputetis
890 2525 899 2554 ,
914 2481 948 2540 in

19 2570 159 2652 episopum
180 2581 398 2640 Mutinensem
408 2599 422 2650 ;
441 2580 476 2638 et
502 2578 672 2655 parochum
692 2576 891 2647 Herandin,
914 2575 947 2636 in

19 2663 160 2746 *episcopum
186 2671 297 2734 Casiri
310 2672 401 2750 Rufi,
417 2669 510 2748 idque
531 2673 693 2748 praestare
715 2686 824 2730 aueum
838 2667 947 2740 fuisse,

19 2755 117 2820 *unctu
139 2766 217 2827 duae
243 2765 366 2843 priores
394 2780 433 2823 ex
459 2763 508 2823 his
536 2762 687 2824 Ecclesiis
713 2778 785 2822 suos
813 2759 950 2820 habeant

23 2845 134 2918 Putares
153 2860 331 2938 legitimos,
354 2860 388 2918 et
409 2856 551 2934 reliquae
571 2859 650 2918 duae
672 2858 806 2915 nondum
827 2852 949 2914 inerint

27 2941 168 3017 bpostolica
187 2952 383 3013 anctoritate
414 2950 446 3011 in
475 2953 561 3010 sedes
589 2948 778 3027 episcopales
809 2948 945 3006 erectae.

24 3030 90 3098 Quale
108 3048 209 3104 eutem
232 3044 381 3106 iudicium
400 3042 470 3103 fieri
492 3043 529 3102 de
550 3041 591 3101 iis
613 3042 736 3112 debeat,
752 3038 806 3118 qui
824 3038 901 3116 eligi
915 3055 948 3098 se

19 3138 223 3216 ¹consecrarique
245 3137 437 3214 permittunt
465 3137 502 3196 ad
528 3134 602 3196 illas
622 3134 800 3205 Ecclesiae,
826 3148 905 3210 quae
929 3149 949 3192 a

21 3222 65 3282 suis
80 3229 171 3291 adhuc
191 3217 349 3309 reguntur
370 3234 465 3308 atque
487 3228 750 3290 administrantur
770 3224 947 3305 episcopis,

21 3316 103 3380 uultis
121 3329 191 3386 ante
215 3343 270 3386 nos
290 3324 402 3396 annis,
431 3340 451 3383 a
479 3323 512 3382 S.
527 3324 631 3384 Leone
653 3320 781 3399 egregie
802 3318 943 3380 declara·

19 3411 67 3468 ium
84 3423 136 3478 est:
159 3418 297 3478 scribens
318 3418 401 3478 enim
422 3415 558 3477 Iniiono
578 3415 720 3493 episcopo
742 3412 877 3486 Goensi,
893 3415 949 3474 ad·

21 3513 103 3567 tersus
123 3512 328 3574 Theodosium
348 3512 519 3590 quendam,
534 3509 588 3588 qui
609 3509 642 3568 in
663 3510 766 3570 aedem
780 3507 949 3568 luvenalis
