2456 4192
634 176 792 238 ..70-

231 301 285 343 sen
307 283 411 360 potins
433 286 626 361 quantopere
648 281 707 344 ills
730 282 798 360 ipss
823 282 1020 355 abutantur3
1047 280 1200 358 qnoniam

231 395 272 437 ex
292 378 399 437 eadem
422 379 545 436 constat
566 375 598 434 in
622 392 707 436 more
722 374 829 449 inisse,
846 377 881 435 ut
902 375 941 435 ab
960 374 1124 452 Episcopis
1139 375 1204 434 ele·

232 470 293 532 etis
315 470 413 548 legati
436 487 505 529 eum
526 469 674 544 Litteris,
689 475 723 530 et
737 469 811 528 fidei
826 468 1013 546 professione
1028 467 1203 530 mitteren-

234 567 288 624 tur
302 564 339 622 ad
352 564 525 623 Romawm
539 561 736 634 Pontificem,
752 580 842 640 aquo
854 561 1055 639 postulabant
1067 562 1204 624 admitti

232 657 266 717 in
287 654 551 730 coniunctionem,
573 659 607 716 et
632 656 663 716 in
689 655 999 718 communicationem
1024 672 1097 716 cum
1118 658 1205 734 Apo·

234 749 346 812 stolica
367 749 469 823 Sede,
491 752 525 809 et
545 749 627 810 hunc
648 749 681 810 in
707 749 831 810 modum
853 769 926 811 snae
951 750 1119 812 electionis
1147 768 1205 828 ap-

234 844 451 922 probationem
471 841 665 904 obtinerent.
678 843 762 911 Quod
779 861 848 905 cum
863 848 1026 922 praestare
1041 844 1205 906 omisisset

235 935 452 1017 Epiphanius,
472 937 511 998 ad
532 934 633 1014 ipsum
655 936 836 998 Hormisdas
858 938 1007 1000 scribens:
1028 939 1202 1009 «Mirati,

143 1091 150 1108 ,
236 1031 383 1108 »inquit
405 1032 571 1090 admodum
592 1049 699 1091 sumus
719 1047 838 1092 morem
853 1033 1021 1110 pristinum
1035 1032 1139 1094 fuisse
1156 1051 1205 1092 nc·

234 1146 254 1186 a
270 1127 420 1206 glectum,
436 1126 510 1204 qnia
529 1130 680 1204 reparata
700 1127 922 1201 Ecclesium,
941 1130 1005 1189 Deo
1026 1132 1201 1200 anunente,

236 1219 455 1294 annocentia,
478 1218 604 1298 pienum
626 1221 864 1297 fraternitatis,
887 1240 923 1282 ac
944 1222 1029 1302 pacis
1052 1223 1086 1282 id
1109 1223 1203 1301 flagi·

236 1316 360 1376 »tabat
378 1314 522 1386 officium,
546 1315 732 1392 praesertim
754 1319 833 1394 quod
856 1316 935 1378 illud
957 1317 1100 1377 sibinen
1115 1334 1201 1377 arro·

237 1409 381 1488 »gantis
402 1405 588 1484 personalis,
611 1407 663 1468 sed
689 1408 882 1486 Regularum
903 1408 1111 1470 observantia
1136 1410 1198 1470 vin·

237 1504 408 1565 »dicabat
430 1503 585 1563 Decuerat
606 1501 781 1580 siquidem,
810 1504 928 1566 Frater
953 1502 1146 1576 carissime,
1174 1505 1197 1560 te

238 1599 394 1676 >legatos
414 1595 452 1656 ad
474 1595 689 1675 apostolicam
711 1598 834 1670 Sedem,
857 1595 943 1657 inter
964 1597 1030 1674 ipsa
1051 1596 1102 1656 tui
1125 1598 1201 1658 Pon·

238 1691 411 1752 stificatus
432 1690 548 1765 initia,
564 1689 759 1763 destinasse,
775 1693 810 1750 ut
831 1707 921 1766 quem
943 1689 1014 1750 Tibi
1036 1689 1202 1752 debeamus

236 1783 427 1858 »affectum
437 1785 513 1844 bene
528 1799 743 1861 cognosceres,
758 1786 792 1842 et
806 1785 951 1842 vetustae
966 1781 1202 1844 consuetudinis

237 1877 403 1940 »formam
425 1877 488 1939 rite
509 1877 681 1955 complores
696 1894 716 1937 a
730 1877 787 1956 (1).

298 1973 459 2033 Primatus
480 1968 656 2033 adversarii
677 1987 717 2030 ex
739 1969 835 2031 verbo
856 1970 1008 2030 decuerat
1029 1967 1120 2030 illam
1146 1987 1200 2028 non

238 2064 300 2126 nisi
322 2064 524 2138 urbanitatis,
546 2067 592 2134 et,
614 2067 650 2124 ut
670 2063 717 2124 ita
738 2063 886 2138 dicamus,
910 2063 1138 2152 exuberantiae
1164 2065 1202 2124 le-

240 2159 397 2238 gationem
420 2155 516 2219 inisse
537 2161 746 2220 contendunt:
771 2161 805 2219 at
825 2177 865 2219 ex
881 2162 946 2219 toto
968 2158 1121 2236 epistolae
1134 2178 1202 2220 con·

239 2255 344 2324 textu,
360 2271 400 2312 ex
420 2250 487 2312 illis
502 2270 611 2329 nempe
626 2251 928 2330 verbistcharoto
940 2252 1198 2314 Ecclesiam...

239 2346 451 2410 concordia...
465 2346 500 2406 id
509 2345 683 2423 ficyitatat
694 2344 843 2421 officiam,
860 2346 983 2424 quod...
1000 2345 1200 2423 Rosciorum

239 2441 447 2502 observantia
467 2440 710 2502 vindicatae...
734 2446 772 2500 at
792 2446 937 2500 vetustae
958 2441 1202 2501 consuetudinis

240 2536 381 2613 sormam
402 2535 466 2594 rite
487 2535 672 2610 compleres·
691 2533 761 2611 quis
784 2533 845 2593 iam
869 2533 1050 2606 contendat,
1066 2533 1108 2593 ob
1125 2532 1200 2594 illud

239 2627 392 2688 decuerat
414 2626 556 2699 verbum,
569 2625 737 2687 Pontificia
757 2626 970 2688 moderatione
985 2625 1200 2704 prolatum,in

238 2719 342 2782 Electi
361 2719 466 2780 debito
483 2737 543 2803 non
557 2719 653 2780 inisse
666 2719 705 2780 ad
720 2719 902 2780 Pontificem
919 2737 976 2797 pro
990 2722 1201 2797 consequenda

240 2816 464 2895 approbatione
485 2817 671 2879 recurreret
684 2817 745 2876 Sed
767 2832 894 2892 prorsus
914 2815 1008 2876 elidit
1028 2816 1200 2893 oppositam

241 2910 536 2988 interpretationem
567 2910 632 2972 alia
663 2907 834 2970 Pontificia
862 2908 1026 2986 Epistola,
1051 2926 1134 2987 qnae
1159 2909 1202 2967 est

239 3004 273 3064 S.
290 3002 405 3063 Leonis
419 3005 476 3064 IX.
491 3005 530 3064 ad
544 3003 678 3062 Petrum
693 3001 877 3079 Episcopum
892 3003 1138 3075 Antiochorum,
1152 2999 1201 3078 qni

240 3111 310 3155 enm
336 3096 369 3154 S.
390 3093 539 3156 Pontifici
566 3111 652 3154 snam
681 3093 897 3156 denuntiasset
921 3095 958 3153 ad
982 3093 1201 3170 Episcopatum

240 3187 438 3262 electionem,
453 3205 635 3268 responsum
650 3186 771 3264 accepit
786 3186 842 3265 (2):
869 3186 967 3248 Valde
981 3188 1201 3248 'naoeusnrs'om

241 3283 387 3342 studium
406 3285 508 3360 fuisse
528 3281 716 3342 annuntiare
737 3283 770 3341 et
791 3297 946 3358 exponere
972 3285 1111 3341 secutam
1133 3281 1198 3338 eins

305 3415 340 3470 (1)
357 3412 438 3472 aput·
449 3414 538 3462 mxxi.
555 3413 583 3462 in
599 3410 699 3460 collem.
712 3410 986 3468 coucil.1.·abbe,tem.
999 3413 1021 3457 Ι.
1032 3421 1091 3470 pan.
1101 3409 1155 3458 ttb.
1171 3451 1177 3464 ,

306 3491 340 3544 (i)
359 3487 440 3548 Epist.
453 3490 484 3545 V,
496 3488 525 3535 in
541 3486 640 3534 conant.
658 3486 753 3543 nabbe,
771 3487 832 3534 tom.
844 3487 878 3543 11,
889 3497 948 3548 paz.
962 3485 1032 3536 1884.
