2364 4198
28 319 146 396 ceperint,
160 322 292 397 quatuor
313 319 449 392 feriatis,
466 321 519 380 vel
541 337 602 381 uon
624 319 763 394 seriatis,
779 338 833 380 sen
849 317 952 395 unica,

28 417 52 472 et
71 413 181 500 subinde
203 415 242 472 ad
268 403 379 474 secros¹
401 413 660 486 subdiaconatus,
689 414 894 487 diaconatus,
920 416 956 474 et

28 507 229 583 presbyteratus
242 506 377 580 ordines,
393 507 495 567 tribus
511 505 693 581 Dominicis,
709 525 762 568 sen
777 507 849 567 aliis
865 507 955 567 lesti-

28 598 62 657 ris
77 600 187 672 diebus,
210 618 271 660 unu
293 604 398 662 tamen
425 599 602 676 continuis,
624 602 678 660 sed
699 619 821 678 semper
848 600 953 678 aliquo

26 693 144 768 temporis
164 694 275 770 spatio,
297 696 439 753 vestrum
461 693 798 768 arbitrio-definiendo,
813 695 955 771 interpo-

23 789 94 863 latis,
113 790 205 852 etiam
226 794 321 851 extra
346 795 489 867 tempora
509 791 546 851 ad
569 791 600 850 id
621 809 641 851 a
662 792 732 852 iure
756 795 897 864 statuta,
920 795 956 852 oe

23 883 176 944 interstitiis
196 904 216 946 a
236 903 325 946 sacro
345 884 484 946 Concilio
499 885 686 945 Tridentino
707 885 880 962 designatis
896 884 956 944 mi-

22 977 82 1037 nime
99 979 244 1053 serratis,
260 979 336 1050 anni
357 979 516 1038 curriculo
538 998 597 1039 non
620 981 813 1057 exspectato,
828 979 954 1040 etiamsi

23 1071 44 1128 in
60 1091 225 1152 unoquoque
247 1091 287 1134 ox
309 1072 402 1132 dictis
422 1072 520 1132 sacris
540 1072 714 1146 ordinibus,
730 1076 896 1150 autequam
915 1073 954 1136 ud

22 1165 94 1226 alium
114 1170 370 1245 promoveantur,
392 1165 521 1227 minime
542 1185 575 1227 se
595 1166 812 1239 exercuerint,
833 1183 955 1244 promo·

22 1261 104 1333 rendi,
126 1259 260 1338 illosque
280 1255 486 1333 'eonferendi3
509 1277 646 1318 necnon
667 1259 824 1336 simplices
852 1275 956 1318 sacer-

22 1350 99 1427 dotes,
119 1357 154 1414 ut
173 1357 361 1432 paramenta
382 1370 487 1426 sacra,
510 1341 715 1414 tabernacnlia
735 1370 791 1431 pro
811 1351 955 1414 custodia

23 1447 200 1509 sanctissimae
222 1447 453 1519 Eucharistiae,
476 1449 510 1507 et
530 1445 595 1507 alia
620 1447 769 1508 utensilia
789 1447 828 1507 ad
850 1463 956 1506 sacro-

27 1545 128 1600 sanctum
149 1541 268 1602 Missae
282 1540 470 1602 sacrificinm
492 1541 669 1600 necessaria
689 1541 890 1614 benedicere,
904 1558 956 1601 ca·

29 1628 72 1691 lires
87 1638 118 1693 et
137 1637 271 1712 patenas
292 1634 462 1694 chrismate
482 1654 502 1696 a
523 1634 634 1707 robis,
661 1634 712 1694 vel
732 1635 771 1694 ab
792 1635 856 1694 alio
878 1651 955 1711 quo·

27 1743 118 1807 cunque
137 1732 297 1793 catholico
316 1731 477 1806 antistite,
493 1732 631 1811 gratiam
650 1735 685 1791 et
704 1730 953 1790 communionem

24 1821 287 1902 sedisapostolicae
302 1826 448 1898 habente,
465 1825 629 1886 benedicto
650 1841 843 1897 consecrare;
860 1827 954 1900 atque

22 1915 134 1978 eeclesias
158 1918 300 1996 pollutas
325 1937 404 1994 aqua
424 1919 463 1978 ab
485 1919 627 1996 episcopo
654 1917 839 1989 benedicta,
862 1919 896 1976 et
921 1915 953 1975 in

24 2023 70 2068 eesn
94 2010 309 2081 necessitatis,
333 2010 428 2070 etiam
449 2029 529 2088 aqua
550 2011 589 2072 ab
611 2010 754 2089 episcopo
776 2028 838 2069 non
859 2009 954 2069 bene-

26 2097 85 2174 dicte,
105 2103 312 2164 reconciliare
333 2102 434 2163 libere
454 2122 490 2164 ac
511 2103 601 2163 licite
615 2103 739 2180 possint
758 2104 792 2160 ct
812 2101 953 2174 valeant,

25 2193 225 2275 subdelegandi,
247 2195 371 2273 plenam
392 2200 425 2256 et
445 2198 580 2274 amplam
608 2197 793 2257 facultatem
818 2195 956 2256 auctori-

22 2283 65 2342 tate
80 2289 263 2365 apostolica,
286 2293 395 2349 tenore
417 2291 631 2367 praesentium
653 2291 822 2351 tribuimus
843 2294 877 2350 et
897 2290 955 2349 im·

17 2379 153 2456 pertimur,
177 2382 461 2443 nonobstantibus
485 2384 666 2460 apostolicis
690 2383 952 2455 ordinationibus,

16 2474 164 2552 ceterisque
185 2475 358 2536 contrariis
379 2475 632 2553 quibuscumque.
651 2541 653 2548 ,

56 2568 157 2628 Datum
172 2569 365 2630 Terracinae
380 2569 437 2628 sub
447 2571 571 2629 Annulo
586 2569 777 2643 Piscatoris,
792 2570 842 2630 die
853 2588 956 2648 qaor-

14 2661 41 2716 la
51 2660 87 2738 (l)
98 2663 173 2728 Maii
187 2665 379 2737 Muooxcr,
395 2664 603 2725 pontificatus
622 2666 734 2727 Nostri
747 2668 838 2726 Anno
851 2665 955 2726 XVll.

279 2810 469 2872 Gordinolis
489 2811 667 2874 Brasebe'us
688 2811 727 2871 de
746 2811 912 2870 Honestie.

57 2991 86 3045 (it
102 2991 157 3039 utet
171 2993 201 3040 in
221 2991 326 3040 edition.
348 3006 409 3040 sun.
428 2982 489 3040 1790
504 2991 531 3038 ct
552 2991 613 3038 1800
635 2991 684 3038 hoa
704 2989 806 3038 litterae
828 2989 902 3037 datae
918 2987 956 3037 di·

14 3063 81 3111 ltltur
95 3065 134 3116 die
151 3065 253 3117 decima
268 3071 344 3127 Maii,
357 3068 465 3127 scriptas
480 3071 566 3115 temen
576 3059 662 3115 ¹fuisse
678 3067 719 3114 die
732 3065 955 3130 quantociusdem

13 3140 85 3188 nands
99 3144 208 3194 susdsnt
223 3144 316 3192 nedum
333 3145 457 3194 accurata
478 3143 556 3192 editio
578 3144 652 3192 ol.1’.
672 3145 784 3192 'liburnos
799 3156 859 3192 aun.
883 3144 953 3200 1857,

13 3219 82 3262 ternu
95 3220 120 3266 ot
136 3220 188 3270 sua
204 3219 311 3270 indubia
325 3218 485 3268 documenta.

358 3419 593 3472 w
