2492 4202
434 207 614 267 -351-

41 312 256 372 Ecclesiastici
284 312 348 372 viri
375 311 406 369 in
435 314 553 374 duabus
583 314 727 376 Abbatiis
754 315 854 373 eidem
883 314 1009 376 civitati

42 406 205 482 proximis,
221 407 481 466 Petershausensi
497 410 530 466 et
544 408 799 485 Oreutzlingensi
812 408 942 468 fuerunt
955 426 1011 468 ex·

40 501 142 577 cepti,
159 501 321 578 petierunt
343 521 361 562 a
381 501 497 575 Nobis,
519 508 555 562 ut
577 506 686 563 nostra
706 504 921 564 adhiberemus
942 502 1008 561 offi-

40 594 91 654 cia
110 596 189 671 apud
211 595 369 656 Ecclesiae
400 595 603 656 Germanicae
625 597 803 673 praesules,
828 597 1007 674 pontifices,

41 694 169 753 abbates
191 696 224 752 et
244 693 403 770 capitula,
427 694 564 771 ipsisque
590 700 736 755 extorres
756 696 937 756 Gallicanos
958 715 1008 758 sa·

41 789 203 859 cerdotes,
226 804 284 862 pro
312 786 495 862 Apostoliea
524 787 584 846 fide
612 791 646 846 et
673 804 730 864 pro
756 790 912 850 catholiea
933 790 1009 850 uni-

39 883 103 939 tate
124 883 218 940 tanta
238 897 399 957 perpessos
419 881 725 952 commendaremus3
747 881 794 941 ita
814 883 878 943 Nos
899 882 1003 948 iustas

40 973 179 1049 ipsorum
201 991 307 1049 preces
328 973 485 1049 suscipere
507 973 671 1044 volenteS,
687 973 802 1033 libenti
823 975 928 1033 animo
945 977 1008 1036 No·

43 1073 122 1129 stras
155 1069 246 1126 hasce
279 1068 409 1127 litteras
438 1068 475 1125 ad
510 1085 565 1125 vos
591 1067 768 1139 mittimus,
792 1067 891 1144 magis
913 1071 949 1126 ut
969 1086 1007 1128 ea

42 1161 184 1222 laudibus
206 1179 448 1238 prosequamur,
469 1179 547 1237 quae
568 1179 625 1238 per
646 1161 803 1237 vosipsos
825 1160 877 1238 agi
897 1165 1006 1238 coepta

42 1258 132 1325 sunt,
156 1272 249 1330 quam
279 1258 315 1314 ut
336 1254 426 1313 vobis
452 1255 547 1314 etiam
571 1253 664 1331 atque
693 1253 789 1314 etiam
810 1255 1008 1313 commende-

42 1366 109 1407 mus
130 1349 188 1407 hos
211 1347 322 1422 dignos
344 1347 465 1408 Christi
486 1347 643 1420 athletas,
659 1366 734 1425 quos
747 1352 781 1407 et
794 1365 898 1421 causa,
914 1366 1005 1425 quam
1045 1393 1047 1398 .

42 1445 168 1502 strenue
191 1441 416 1514 defenderunt,
432 1445 465 1501 et
487 1459 593 1500 eorum
616 1441 781 1518 praeclara
801 1442 915 1502 merita
928 1443 1006 1502 satis

43 1553 194 1612 superque
214 1553 271 1611 per
292 1554 325 1594 se
346 1535 414 1611 ipsa
436 1537 665 1596 commendant.

99 1632 167 1688 Hae
188 1629 296 1705 itaque
310 1626 446 1690 Nostrae
462 1629 592 1688 litterae
608 1631 757 1689 testatum
773 1629 862 1689 vobis
874 1628 1004 1704 facient,

42 1724 158 1798 quanta
179 1722 391 1782 consolatione
406 1722 561 1782 leniamur
574 1722 660 1781 inter
675 1722 838 1798 graviores
853 1723 935 1798 ipsas
949 1743 1007 1785 an-

45 1816 180 1891 gustias,
197 1816 310 1892 quibus
333 1815 466 1892 undique
487 1815 679 1893 premimur,
695 1820 825 1894 propter
845 1816 1005 1875 indubiam

44 1928 145 1985 spem,
169 1927 261 1985 quam
282 1909 394 1968 intimo
415 1908 556 1968 fovemus
578 1910 702 1982 animo,
724 1910 810 1983 fore,
835 1914 871 1969 ut
891 1910 1003 1983 vobis,

46 2004 240 2064 venerabiles
262 2002 391 2076 fratres,
407 2002 631 2080 archiepiscopi
653 2009 686 2062 et
712 2004 865 2081 episcopi,
889 2004 1005 2063 vestris

46 2113 163 2174 semper
185 2098 371 2157 obversetur
385 2096 484 2155 oculis
498 2114 593 2156 aurea
606 2096 664 2156 illa
678 2098 836 2158 sententie
850 2117 874 2157 s.
892 2098 1003 2158 Pauli:

46 2188 173 2264 Oportet
193 2191 375 2264 episcopam
397 2205 460 2248 esse
480 2189 671 2266 hospitalem
690 2189 746 2270 (l);
767 2209 858 2268 quam
881 2191 1005 2267 quidem

46 2281 235 2342 senteutiam
258 2286 326 2340 tum
348 2283 450 2342 saneti
470 2285 602 2356 Patres,
619 2288 685 2344 tum
707 2284 841 2346 concilia
861 2285 928 2362 ipsa
941 2284 1008 2345 col·

46 2375 184 2435 laudant.
200 2374 355 2450 Episcopi
384 2392 525 2452 namque
554 2377 681 2449 domus,
707 2381 744 2436 ut
764 2377 872 2438 beatus
897 2379 1006 2438 Hiero-

45 2487 156 2545 nymus
178 2467 312 2540 scribit,
336 2472 484 2528 omnium
509 2487 673 2530 comotione
698 2471 786 2530 dedet
810 2489 873 2530 esse
898 2472 1007 2546 bospi-

46 2564 145 2634 tinm;
168 2570 198 2622 et
221 2565 339 2632 laicus,
363 2564 392 2619 si
412 2579 531 2633 anam,
550 2570 609 2620 aut
629 2563 722 2633 duos,
740 2571 799 2622 aut
815 2580 937 2639 paucos
956 2572 1010 2622 re-'
1088 2554 1092 2567 ’

45 2657 161 2730 cipiet,
187 2657 299 2732 implet
319 2655 555 2730 hospitalitatis
576 2655 733 2731 officinm:
748 2658 920 2731 episcopas,
937 2657 1006 2718 nisi

45 2764 149 2808 omnes
170 2750 343 2823 receperit,
369 2747 570 2806 inhumanus
597 2750 636 2806 ab
657 2764 691 2806 eo
712 2751 866 2808 scribitur
873 2771 886 2819 ;
908 2749 1005 2807 verba

44 2847 116 2903 sunt
144 2841 272 2902 concilii
293 2840 482 2900 Parisiensis
510 2843 555 2900 Vl
577 2840 633 2918 (2).
656 2843 721 2902 Nec
748 2841 850 2900 minus
878 2841 1005 2900 indubie

45 2953 95 3012 spe
117 2935 262 2995 ducimur
282 2933 368 3007 fore,
395 2937 430 2992 ut
450 2951 506 2991 vos
525 2951 664 3010 quoque,
684 2934 793 2994 dilecti
815 2934 893 3008 filii,
912 2935 1006 2994 abba·

46 3033 91 3088 tes
112 3032 146 3088 et
168 3027 362 3100 abbatissae,
380 3045 416 3087 ea
437 3044 560 3102 semper
580 3027 685 3086 animo
698 3027 870 3105 repetatis,
886 3032 920 3088 et
934 3045 1005 3104 ope·

45 3137 77 3180 re
98 3119 285 3199 praestetis,
300 3138 379 3196 quae
400 3120 565 3178 monachos
584 3119 691 3179 docuit
705 3137 730 3178 s.
746 3119 951 3193 Benedictus,
968 3122 1004 3179 ut

44 3213 165 3273 scilieet
184 3213 280 3272 abbas
301 3211 441 3287 quotidie
463 3211 577 3271 habeat
597 3211 735 3289 hospites
755 3211 786 3270 in
810 3229 865 3272 sua
884 3229 1002 3287 mensa,

105 3363 139 3416 (1)
158 3359 237 3418 Epist.
250 3357 282 3405 sd
292 3359 376 3406 Titum
386 3371 440 3417 cap.
452 3360 472 3415 I,
484 3372 510 3406 v.
521 3362 543 3406 7.
554 3361 577 3418 8,
590 3361 616 3406 et
625 3358 658 3406 sd
667 3362 737 3406 Rom.
750 3372 772 3406 c.
784 3359 841 3405 XII.
852 3371 878 3407 v.
891 3359 930 3407 1³.

105 3437 141 3490 (a)
156 3436 205 3481 An.
217 3434 271 3489 829,
283 3432 328 3478 lib.
341 3435 361 3489 I,
374 3445 430 3490 cap.
442 3433 480 3480 14.
493 3433 560 3492 apud
570 3434 707 3482 Labbeum.
726 3435 789 3484 (loll.
803 3433 899 3484 Concil.
908 3433 1003 3484 retent.

44 3507 102 3556 edit.
114 3513 146 3557 A.
157 3510 254 3567 zattae,
264 3509 325 3555 tom.
336 3509 405 3564 xlv,
419 3508 467 3555 ool.
479 3508 533 3574 514⁸·
