2456 4192
237 304 325 366 ficem
340 308 431 367 datae
447 305 497 365 die
510 307 531 367 o
544 305 717 383 superioris
739 305 864 378 mensis,
886 324 906 367 a
926 304 975 364 sui
997 322 1094 382 usque
1108 304 1187 363 initio

236 397 270 459 in
291 417 385 460 causa
405 398 485 472 fuit,
507 415 564 459 our
585 401 736 476 paternus
756 396 844 457 illius
863 397 987 458 animus
1011 397 1187 475 gravissimo

238 491 448 570 aegritudinis
467 510 505 553 ao
526 492 644 553 doloris
667 509 760 552 sensu
785 489 972 552 efficeretur.
994 491 1078 553 Hinc
1103 507 1187 568 neque

236 585 320 646 curis
342 585 429 658 ullis,
452 603 551 664 neque
571 585 632 646 ulli
653 584 903 646 sollicitudinum
926 585 1036 662 generi
1061 583 1188 662 pepercit

238 696 396 756 umquam,
418 698 478 756 quo
499 678 609 740 divina
632 679 760 740 favente
782 696 851 756 ope,
875 696 934 738 uon
957 678 1023 739 siue
1046 677 1188 748 lacrimis,

236 776 271 832 et
291 790 347 850 per
362 772 502 850 publicas
516 772 612 832 etiam
626 789 735 849 preces
749 771 931 848 implorate,
947 791 966 834 a
979 771 1189 834 florentissimo

237 866 298 927 isto
320 868 430 944 Regn'o
451 867 638 944 periculum,
662 884 754 944 quam
774 866 957 944 longissime
978 871 1098 944 posset,
1113 882 1190 927 aver·

238 963 333 1035 teret,
361 978 398 1020 ne
419 959 541 1035 clerus,
565 979 603 1021 ne
624 961 755 1022 Ordines
780 959 946 1039 Religiosi‚
974 979 1012 1021 ue
1037 959 1188 1023 catholice

238 1053 364 1134 Religio
391 1055 460 1132 ipsa
486 1057 711 1116 everteretur:
741 1055 801 1114 huc
828 1054 912 1114 enim
942 1055 1032 1115 unice
1057 1057 1188 1133 spectent

239 1165 345 1208 omnes
366 1149 620 1210 Reformatorem
641 1147 903 1226 Philosophorum
924 1154 1068 1211 conatus.

298 1244 332 1303 ln
356 1242 414 1303 teli
428 1260 464 1304 ao
479 1245 570 1306 tento
585 1243 717 1320 spiritus
732 1241 782 1302 sui
796 1259 948 1316 moerore,
964 1242 1044 1304 illud
1062 1241 1186 1321 profecto

238 1354 298 1396 non
310 1335 374 1396 levi
386 1335 569 1397 Pontificem
582 1338 742 1397 Summum
756 1336 968 1398 consolatione
979 1335 1110 1410 lenivit,
1121 1332 1186 1412 quod

239 1445 300 1488 non
321 1428 414 1506 pauci
433 1445 473 1488 ex
494 1427 666 1507 Episcopis‚
682 1429 848 1506 pluresque
862 1429 1100 1508 Religiosorum
1113 1427 1188 1488 Ordi-

240 1541 313 1584 uum
334 1524 498 1586 Praesides
521 1523 684 1602 utriusque
706 1541 810 1598 sexus,
826 1524 1011 1585 horribilem
1034 1526 1189 1602 tempestu-

238 1621 303 1679 tem
314 1613 474 1680 constanti
484 1619 588 1680 animo
601 1618 787 1691 tolerantes,
802 1621 965 1696 promptos
979 1637 1012 1679 se
1026 1637 1064 1680 ac
1076 1620 1186 1697 paratos

238 1729 314 1791 pree
330 1730 362 1772 se
376 1711 498 1773 ferrent
512 1711 696 1772 infortuniis
710 1711 854 1771 omuibus
868 1711 1049 1786 subeundis,
1062 1725 1188 1772 suorum·

237 1824 297 1884 que
318 1821 481 1865 munerum
503 1805 613 1866 officiis
633 1804 808 1865 christiane
834 1805 1014 1866 constantia
1034 1804 1188 1882 defungen-

240 1899 299 1959 dis.
321 1899 493 1959 Hos.iuter
513 1900 561 1958 'fu
583 1916 656 1958 sune
678 1915 736 1956 nou
760 1897 873 1957 ultimo
893 1898 960 1959 loco
980 1917 1048 1959 esse
1071 1895 1186 1964 videris

239 1991 352 2070 quippe
374 2009 452 2069 quae
473 2009 524 2052 eos
544 2008 620 2069 prae
641 1991 686 2050 Te
707 1990 771 2052 fers
792 2007 917 2064 seusus,
940 1995 976 2053 ut
996 1986 1186 2053 secretissimi

238 2084 397 2162 Principis
418 2084 555 2146 animum
578 2083 692 2161 gaudio
706 2088 739 2144 et
759 2084 970 2145 exsultatione
992 2082 1185 2162 perfuderint.

240 2181 501 2249 Quemadmodum
526 2182 633 2239 antem
659 2179 685 2237 is
711 2195 877 2255 numquam
903 2181 1055 2241 hactenus
1077 2173 1186 2238 destitit

239 2293 293 2336 eos
318 2273 459 2347 hortari,
482 2272 610 2346 docere,
633 2291 669 2334 ac
690 2273 820 2347 iuvare,
843 2272 955 2350 quide
979 2289 1108 2335 suarum
1131 2286 1187 2330 con·

240 2368 444 2430 scientiarum
474 2367 579 2445 quiete
611 2365 818 2428 nanciscenda
845 2367 998 2442 solliciti,
1038 2371 1186 2440 tutumque

240 2463 373 2524 habendi
394 2463 503 2522 ducem
525 2461 705 2538 percupidi,
732 2461 770 2523 ad
797 2479 829 2520 sa
852 2479 907 2535 eo,
930 2480 991 2539 quo
1016 2464 1125 2532 decet,
1147 2455 1187 2515 ob

240 2557 347 2637 sequio
380 2575 417 2619 ac
452 2555 566 2616 fiducia
592 2554 815 2633 perfugerint,
844 2561 1001 2632 umquam
1028 2559 1068 2618 ad
1096 2549 1186 2627 Magi·

240 2655 364 2725 strum,
393 2651 434 2710 ad
460 2653 655 2710 ourhmunem
678 2648 836 2708 Fidelium
865 2650 1016 2723 Patrem,
1042 2648 1081 2709 ad
1103 2647 1186 2708 suu,

240 2764 334 2826 penes
348 2763 439 2822 quom
455 2759 576 2804 summa
588 2745 638 2802 est
651 2742 891 2804 Ecclesiastieee
914 2743 1085 2820 potestatis
1099 2739 1187 2801 aucu-

167 2899 169 2906 ,
240 2841 338 2903 ritas:
362 2839 411 2900 ita
430 2839 559 2899 eandem
588 2854 716 2914 prorsus
738 2837 846 2897 voleus
868 2839 985 2898 'lecum
1011 2853 1130 2915 quoque
1149 2843 1188 2889 rt·

144 2996 147 3003 ,
243 2935 360 2996 tionem
376 2932 463 3004 iniri,
479 2949 528 2992 me
540 2932 632 2993 iussit
647 2935 805 3008 tamquam
818 2930 1120 2994 Poe-reitenticriem
1131 2922 1187 2984 Mt·

241 3029 340 3087 iorem
361 3024 392 3084 iu
413 3042 467 3098 re,
482 3043 561 3102 quaa
582 3026 621 3086 ed
643 3023 867 3084 conscientiam
892 3023 1030 3086 maxime
1051 3017 1186 3118 pertinet,

241 3119 319 3181 'luis
340 3118 513 3179 rescribere
527 3117 673 3191 Litteris,
695 3135 731 3179 ac
752 3119 855 3178 Tuum
877 3118 1075 3195 praesertim,
1090 3130 1147 3193 quo
1161 3121 1186 3165 1ss

241 3210 438 3290 Religionem
465 3213 609 3283 aestuas,
634 3207 773 3269 studium
801 3211 1037 3283 commendur03
1061 3202 1187 3270 laudibus

241 3303 326 3364 enim
347 3303 452 3382 potius
472 3302 528 3373 ibi,
544 3318 635 3379 quam
650 3301 866 3363 hortationum
887 3301 1026 3362 stimulis
1040 3301 1125 3362 loeus
1138 3294 1186 3358 eet,

241 3398 293 3458 ubi
314 3399 385 3476 quia
406 3397 454 3456 ita
473 3394 577 3458 animo
598 3398 648 3454 est
668 3398 879 3472 comparatus,
895 3397 932 3455 ut
950 3412 1007 3456 sua
1024 3392 1187 3484 omniaet·

241 3509 300 3568 que
321 3491 423 3567 ipsum
444 3489 610 3558 devoveat,
633 3504 670 3548 ue
692 3505 746 3548 sue
767 3487 891 3548 muneri
912 3488 1007 3548 desit.
1029 3489 1123 3551 Peter
1143 3492 1187 3538 ιω·
