2374 4196
604 205 643 221 -
665 177 725 236 442
745 208 783 222 -

317 283 386 342 Rex
400 281 565 344 confirmet
577 283 704 344 decreta
715 283 895 343 Conventus
918 282 1086 344 Nationalis

315 374 400 438 circa
421 395 473 436 res
494 377 723 438 ecclesiasticas
754 421 978 438 .....
1015 395 1086 454 pay.
1120 377 1154 438 24

146 553 147 556 ¹
216 467 296 532 1790
317 471 355 531 10
376 471 448 530 Iulii
461 470 555 531 -Ilta
577 473 712 549 fiducia.
739 474 951 544 Hieronymo
967 474 1088 532 Mariae

313 566 477 634 Archiep.
490 567 802 635 Burdigalen.idem
815 571 1044 642 argumentum.
1071 583 1088 623 v
1121 563 1155 624 23

254 670 274 715 r
314 656 542 718 diuiti-Mala
561 675 655 735 qaae.
669 660 791 720 Ioanni
811 660 999 720 Francisoo
1017 659 1090 728 upi-

316 765 422 820 soopo
449 756 598 812 Leonen.
620 754 704 820 Quae
734 751 881 813 Pontifex
908 751 1030 830 egerit,
1057 751 1091 809 ed

315 843 543 919 praepediendo
557 846 701 906 scandala
715 847 894 908 Conventus
905 841 1089 906 Nationalis.

314 935 392 1002 Quid
416 927 577 1014 Episcopis
605 937 748 998 instante
772 938 981 998 tribulatione
1008 953 1092 1013 agen·

315 1029 388 1088 dur'n
410 1029 453 1088 sit
495 1072 1037 1091 ...........
1077 1045 1114 1084 r
1124 1023 1157 1086 29

256 1135 275 1179 r
304 1119 369 1181 17
377 1121 535 1198 Augusti·
521 1122 700 1185 -Littcraa
712 1125 885 1184 Lndovico
898 1125 983 1182 ΧΠ
1000 1123 1096 1181 Fran·

316 1229 433 1274 uorum
447 1216 545 1285 Regi.
558 1217 655 1275 Docet
676 1234 754 1293 quae
775 1215 841 1276 sint
862 1215 1032 1275 relationes
1051 1231 1096 1272 ac·

225 1325 228 1333 ’
302 1307 512 1370 ,olesiasticae
541 1312 574 1368 et
595 1309 700 1369 civilis
728 1309 915 1387 potestatis:
945 1311 979 1366 et
1004 1323 1094 1383 qnare

313 1402 414 1462 sdhuo
436 1402 625 1461 sententiam
647 1401 918 1462 ferredistulerit
972 1445 980 1460 .
1023 1443 1031 1460 .
1072 1416 1088 1455 n
1120 1397 1151 1457 31

254 1513 273 1557 v
316 1495 553 1572 lSeptembris
572 1525 589 1540 ·
609 1499 745 1568 Acrem,
777 1497 815 1555 ia
836 1513 914 1574 qua.
946 1499 1092 1554 'Possm

313 1590 501 1650 bunciaco
513 1595 661 1660 Iosepho
670 1591 844 1660 Episcopo
859 1589 1091 1657 dorosopitan.

314 1683 417 1741 Doneo
438 1683 621 1760 Apostolioa
642 1684 738 1742 Sedes
758 1682 949 1742 sententiam
968 1678 1087 1750 tulerit,

219 1791 223 1806 ‘
315 1792 375 1834 non
388 1775 517 1852 expedit
530 1775 701 1836 facultates
715 1779 808 1835 extra
821 1775 963 1834 ordinem
975 1773 1093 1849 Episco-

315 1869 363 1945 pis
385 1871 554 1930 concedere
598 1909 1036 1930 .........
1075 1882 1090 1923 v
1119 1863 1152 1921 34

256 1980 275 2024 v
316 1963 336 2022 8
364 1963 558 2039 Septembris
574 1993 591 2010 ·
608 1963 724 2022 Multis
751 1962 895 2038 quidem,
923 1961 1090 2020 Lndovioo

319 2059 441 2118 carolo
462 2061 636 2129 Episcopo
661 2057 865 2116 Ambianen.
897 2054 982 2114 Idam
1008 2070 1092 2130 argn-

316 2153 469 2210 meutum:
490 2150 636 2215 concedit
655 2155 760 2210 tamen
770 2147 990 2226 peculiarem
982 2167 1014 2207 m
1029 2163 1092 2206 casu

216 2254 248 2296 ·1
322 2244 482 2320 proposito
504 2243 713 2304 facultatem..
741 2291 745 2298 .
760 2284 1039 2302 ......
1076 2255 1091 2296 v
1118 2234 1148 2295 dt

255 2352 303 2397 r
314 2337 581 2412 &Septembris-
587 2335 714 2396 Intimu
734 2309 987 2412 iayemisoimus.
995 2333 1092 2394 Ludo·

314 2430 390 2488 vico
415 2431 498 2490 xv1
520 2432 729 2490 Francorum
753 2430 852 2499 aeri.
877 2428 970 2487 Dolet
991 2443 1088 2505 regen

314 2525 457 2582 coactum
478 2522 573 2582 fuisse
596 2523 793 2582 subscribere
815 2522 938 2581 actibus
962 2523 1092 2583 convon-

298 2656 302 2660 -
317 2618 370 2675 tas
385 2615 567 2677 nationalis.
580 2616 771 2693 Disciplinae
783 2633 881 2676 nexus
894 2633 964 2674 cum
977 2616 1092 2691 dogma·

317 2710 482 2772 taFiuis
510 2728 601 2786 quem
631 2710 801 2769 intendunt
829 2709 1002 2769 novitates.
1035 2710 1090 2769 Gur

221 2823 223 2828 ·
315 2804 470 2864 hactenus
483 2801 653 2879 postulatis
668 2801 764 2880 Regis
777 2803 964 2879 respondere
977 2819 1035 2860 non
1046 2818 1093 2878 po-

320 2897 430 2958 tuerit.
454 2896 616 2956 Patientia
636 2913 672 2956 ao
700 2896 873 2963 tolerantia
899 2895 991 2956 Sedis
1018 2897 1093 2972 apo

317 2990 459 3050 stolidae.
483 2977 705 3066 Episcoporum
727 2988 889 3048 officinm
881 3007 914 3047 1n
935 2989 1020 3048 hisce
1045 3005 1092 3047 an·

319 3083 434 3162 wfflm
437 3124 1034 3142 .............
1025 3078 1152 3140 »W

258 3193 277 3237 v
319 3177 355 3236 ll
372 3175 571 3236 Decembris·
577 3175 672 3233 Nihil
691 3177 840 3235 maiores.
852 3179 1003 3247 Iosepno
1023 3175 1104 3248 Epi·

221 3281 228 3335 3
311 3285 425 3340 scopo
446 3270 619 3330 Basileon.
640 3270 822 3345 Respondet
841 3269 1001 3329 dubitanti
1028 3265 1092 3344 quid

318 3360 379 3422 sibi
399 3363 565 3438 egendum,
578 3361 606 3420 si
617 3361 752 3422 decretis
766 3363 946 3423 Conventus
958 3361 1094 3422 nationa-

321 3453 364 3514 lis
384 3453 490 3530 aliqua
504 3454 564 3518 sibi
583 3454 732 3520 dioecesis
744 3471 816 3532 pars
830 3453 1039 3531 subripiatur.
1074 3468 1091 3508 v
1123 3446 1154 3507 43
