2456 4192
236 331 343 388 sensu,
360 333 420 392 qua
439 315 473 373 iu
494 315 706 393 Apostolieam
728 315 840 376 Sedem
856 313 1039 388 devotione,
1055 331 1093 375 ae
1107 312 1188 374 filiali

234 425 311 485 erga
330 409 395 470 Nos
415 407 548 482 affeetu,
571 410 688 470 Noster
708 408 859 468 maiorem
873 408 907 468 in
922 410 1047 468 modum
1063 409 1189 484 augetur

234 503 266 562 in
288 502 406 576 Nobis,
421 503 663 580 cumulaturque
685 504 793 577 dolor,
809 503 990 564 videntibus
1011 503 1111 564 talem
1131 505 1191 560 tan·

234 599 363 672 tumque
383 597 585 655 Monareham
599 595 750 656 violentis
763 598 906 656 coactum
921 613 987 656 esse
1002 594 1190 656 subscribere

235 688 303 748 eius
323 689 502 750 Conventus
523 688 662 762 actibus,
679 705 735 766 per
756 707 834 772 quos
846 689 883 750 ad
899 687 1097 750 catholicam
1112 703 1191 746 ever·

236 783 362 844 tendam
384 783 580 862 Religionem
601 783 816 845 contenditur.

287 877 332 937 ,si
352 876 428 937 satis
449 876 625 938 instructus
645 894 740 949 esses,
756 879 863 954 utper
877 877 921 936 Te
936 875 1038 953 ipsum
1053 891 1191 954 agnosce-

236 987 304 1045 res,
330 988 436 1030 omnes
463 970 654 1047 Disciplinae
683 969 829 1044 articuli,
855 969 952 1030 saeris
979 985 1131 1030 canonum
1156 967 1191 1026 le

237 1063 345 1141 gibus,
370 1064 528 1124 Ecclesiae
549 1065 731 1126 Gallicanae
751 1064 907 1137 sensibus,
931 1079 987 1122 nee
1008 1081 1071 1122 non
1093 1066 1127 1122 et
1146 1062 1190 1120 Oa·

237 1156 372 1218 tholieae
394 1156 552 1218 Ecclesiae
584 1155 747 1234 principiis
772 1157 990 1230 consentanei,
1014 1173 1109 1234 quam
1133 1170 1207 1232 pro·¹

230 1236 307 1329 'prius
335 1252 485 1312 accedant
511 1252 548 1312 ad
579 1253 693 1328 dogma
719 1252 840 1329 ipsum,
870 1268 906 1310 ac
933 1267 1010 1326 pene
1039 1247 1190 1324 attingant

237 1343 417 1420 Religionis
438 1343 503 1403 vim
525 1362 561 1405 ac
587 1347 752 1418 naturam,
776 1343 886 1404 statim
915 1343 1057 1421 proiecto
1080 1343 1190 1420 pateret

238 1440 328 1513 Tibi,
351 1459 408 1519 per
436 1461 487 1502 eas
516 1443 673 1506 novitates
701 1441 829 1520 quaeri,
853 1444 890 1502 ut
917 1444 1053 1521 augusto
1082 1437 1189 1504 nomine

239 1535 306 1594 Tuo
322 1538 528 1613 praetexatur
543 1535 782 1596 audacissimum
802 1535 833 1594 id
853 1535 984 1608 facinus,
998 1533 1079 1611 quod
1091 1533 1189 1598 adhue,

238 1627 300 1689 etsi
321 1629 425 1706 palam
446 1647 505 1689 non
527 1629 706 1707 profertur,
727 1631 833 1696 tamen
856 1628 925 1706 ipsa
950 1628 1129 1690 animorum
1150 1624 1189 1681 iu·

239 1714 446 1794 credulitate,
470 1740 507 1782 ac
527 1722 621 1782 huius
643 1721 761 1782 saeculi
782 1722 982 1790 contumacia
1002 1721 1061 1796 ut,
1084 1722 1121 1780 ut
1140 1733 1189 1776 ma·

238 1819 323 1878 xime
345 1816 388 1877 sit
408 1815 649 1876 formidandum.
672 1817 763 1878 Nunc
784 1815 963 1894 praecipue,
983 1813 1148 1877 carissime
1165 1807 1189 1866 in

241 1913 367 1974 Christo
389 1911 453 1972 Fili
473 1912 602 1982 Noster,
618 1909 650 1969 in
676 1911 858 1972 memoriam
875 1911 946 1971 Tibi
972 1911 1094 1988 redige,
1109 1911 1189 1968 Deum

241 2023 307 2067 esse
330 2010 417 2066 tuum
445 2012 478 2065 et
499 2006 679 2066 Creatorem
706 2010 739 2066 et
760 2006 918 2077 Iudicem,
936 2007 1080 2083 Eumque
1106 2014 1190 2076 eugu-

240 2104 304 2160 stos
325 2098 461 2158 Maiores
484 2103 555 2157 tuos
576 2098 627 2158 vel
649 2098 681 2157 in
703 2100 813 2159 mediis
835 2116 941 2158 rerum
962 2093 1189 2175 tempestatibus

241 2211 298 2272 per
319 2195 370 2252 tot
389 2192 513 2252 saecula
533 2192 638 2254 salvos
658 2211 725 2254 esse
747 2193 904 2266 voluisse,
921 2210 956 2253 ae
970 2193 1069 2252 talem
1084 2187 1188 2268 pariter

243 2287 363 2347 confide
384 2302 460 2361 erga
481 2286 526 2344 Te
547 2281 709 2360 futurum,
732 2286 759 2346 si
784 2279 1117 2363 quemadmodum·illi
1137 2281 1190 2339 fue·

243 2384 332 2452 runt,
354 2379 386 2437 in
407 2378 484 2438 Eius
511 2377 615 2456 legum
639 2380 913 2457 ildeperstiteris,
929 2365 1207 2448 exornaturamque?

244 2491 310 2534 esse
333 2472 496 2549 antiquum
512 2471 544 2530 in
560 2476 688 2532 tuorum
702 2473 894 2550 Populorum
909 2472 1053 2531 cordibus
1068 2478 1188 2532 emoren
1206 2501 1207 2510 ÷

244 2567 324 2639 Tui,
339 2584 379 2626 ex
393 2584 452 2643 quo
468 2564 638 2641 singularis
659 2583 781 2641 semper
795 2570 828 2625 et
842 2565 874 2625 in
889 2564 962 2625 illos
983 2564 1105 2641 gloria,
1119 2563 1149 2618 et
1165 2552 1188 2610 ifl

245 2661 368 2722 Galliae
389 2661 540 2737 Regnum
556 2659 728 2732 securitas,
751 2677 787 2720 ae
812 2659 954 2735 potentia
976 2656 1148 2718 emanabat.

304 2752 417 2814 Mirari
434 2739 583 2812 Maiestas
598 2753 666 2811 Tua
680 2751 818 2819 videtur,
835 2753 912 2828 quod
929 2745 1189 2810 revertententes

245 2865 371 2908 cursore
393 2844 665 2918 extraordinario,
686 2862 776 2922 quem
792 2845 836 2904 -ad
858 2843 1057 2906 Gendinalem
1078 2837 1190 2902 delier·

138 2971 142 2984 ,
244 2945 303 3002 nis,
319 2925 466 3010 miseras,
489 2936 553 2998 tuis
576 2955 633 2996 non
650 2937 900 3013 responderimus
914 2936 1092 3014 praecipuis
1105 2931 1190 3010 postu·

244 3038 339 3110 latis,
355 3053 433 3113 quae
454 3033 536 3094 idem
557 3031 734 3092 Oardinalis
757 3035 793 3092 ad
816 3035 881 3094 Nos
894 3034 961 3094 Tuo
983 3031 1190 3092 detuleram

246 3132 340 3191 mine.
356 3132 400 3188 At
420 3145 477 3187 nos
498 3124 570 3186 Tibi
592 3128 680 3186 certo
699 3143 881 3186 asseverare
895 3142 1071 3202 possumus,
1088 3119 1188 3182 nullan

246 3221 381 3286 aNobis
403 3219 454 3279 vel
476 3221 667 3284 momentum
689 3209 840 3295 temporis
856 3218 1112 3294 praetermissum
1126 3224 1189 3276 esses

183 3327 187 3330 ’
246 3318 279 3378 in
301 3332 361 3392 quo
384 3331 441 3372 uon
464 3329 539 3388 prae
560 3311 659 3372 oeulis
679 3311 865 3372 haberemus
879 3312 955 3370 adeo
969 3328 1067 3388 grave
1081 3327 1117 3370 ae
1129 3298 1189 3364 diffl-

247 3410 324 3482 eile,
340 3410 377 3466 de
398 3423 457 3482 quo
478 3405 608 3482 agebas,
625 3404 798 3482 negotium.
808 3404 913 3465 Nulla
932 3403 1049 3464 ideireo
1070 3403 1190 3472 interpo-

248 3503 311 3564 sita
331 3517 419 3561 mora
445 3500 483 3558 ad
502 3498 623 3576 viginti
643 3497 825 3560 cardinales
853 3515 872 3558 a
892 3496 989 3558 Nobis
1014 3495 1144 3561 eleetos,
1163 3496 1189 3542 ³0
