2456 4192
237 317 350 380 Nostri
370 331 478 378 sensus
499 313 571 374 Tibi
594 311 754 386 nunciare,
770 329 806 373 ae
826 315 865 375 ad
886 313 972 374 alind
995 315 1130 392 tempus
1158 317 1225 375 dii-

234 410 323 470 ferre
336 401 527 487 'ampliorem
542 406 831 484 accusationemque
851 407 1085 486 responsionem
1110 411 1224 472 Maie-

238 504 315 566 stati
336 505 440 576 Tuae,
462 501 513 561 cui
535 500 682 575 interim,
706 518 828 577 unaque
848 501 1016 564 universae
1037 505 1223 582 Augustae

237 594 390 658 Familiae
404 613 445 654 ex
458 594 570 653 intimo
585 595 677 654 corde
697 595 912 672 depromptam
928 597 1106 656 Paternam
1133 600 1225 676 Apo·

238 689 381 751 stolieam
395 685 646 748 Benedictionem
660 687 873 748 amantissime
887 687 1106 766 impertimur.

297 784 413 842 Datum
432 784 548 842 Romae
563 780 643 857 apud
666 780 699 840 S.
715 780 849 841 Mariam
871 781 1040 855 Maiorem,
1064 784 1133 844 sub
1158 788 1226 845 An·

238 876 313 937 nolo
333 873 516 948 Piscatoris,
532 873 583 934 die
602 874 704 935 XVII.
721 874 859 951 Augusti
879 876 1055 938 MDOOXO.
1075 879 1226 940 Pontifi-

123 965 129 976 '
212 997 213 1000 ¹
237 973 327 1031 catus
347 968 458 1032 Nostri
479 970 570 1029 Anno
591 967 677 1028 XVI.

769 1061 965 1124 Benedictus
984 1061 1083 1140 Scap.

584 1307 586 1316 ‚
690 1271 740 1327 x.

548 1387 744 1433 vaunaaainr
765 1389 885 1435 naarai

405 1461 592 1570 rossano
612 1483 842 1574 raauois'co
864 1509 1038 1574 rossano

514 1655 672 1734 Episcopo
694 1655 925 1736 Corisopitensi

446 1825 618 1907 PIUS
672 1826 864 1906 ΡΑΡΑ
918 1827 984 1906 VI.

367 2015 455 2073 ven.
470 2015 612 2085 Frater,
626 2015 778 2074 flalntem
800 2018 836 2074 et
855 2017 1097 2086 Apostolloam

489 2145 492 2151 -
564 2110 849 2170 Benedictionem

296 2284 421 2355 Acrem,
437 2280 470 2340 in
485 2295 734 2357 quereremur,
750 2281 788 2338 de
803 2279 925 2341 Galliae
940 2281 1034 2341 rebus
1048 2285 1220 2346 amanita-

237 2376 341 2438 dinem
354 2373 457 2434 cordis
471 2376 590 2435 acuunt
599 2371 829 2433 Fraternitatis
841 2377 915 2434 tuae
930 2373 1075 2436 Litterae
1096 2377 1162 2438 die
1179 2381 1219 2440 ΙΙ.

237 2467 310 2529 lulii
330 2469 370 2530 ad
389 2470 455 2531 Nos
476 2467 581 2540 data03
597 2466 742 2545 graviter
762 2465 845 2526 enim
868 2467 989 2544 scripta
1009 2467 1125 2529 ferunt
1154 2491 1222 2533 ma·

238 2561 323 2623 xima
342 2559 535 2629 discrimina,
552 2560 584 2621 in
600 2553 679 2639 quae
701 2559 868 2622 (latholica
882 2561 1007 2640 Religio
1028 2578 1087 2638 per
1101 2565 1222 2644 Regni

236 2653 313 2715 fines
325 2653 443 2716 saeculi
457 2654 588 2716 licentia
600 2655 736 2714 adducta
753 2656 814 2714 eet.
828 2655 923 2728 Deus,
935 2654 987 2714 eni
1001 2658 1122 2733 aperta
1141 2665 1223 2720 sunt

236 2747 353 2823 omnia,
368 2746 466 2809 animi
479 2747 590 2810 Nostri
605 2746 743 2807 studium
764 2745 882 2820 noscit,
898 2750 935 2807 nt
954 2748 986 2808 in
1009 2751 1102 2808 tanto
1129 2755 1224 2829 pori.

236 2841 306 2902 cnlo
320 2840 442 2902 nullum
454 2840 649 2918 defugiamus
662 2837 862 2917 Apostolicae
874 2840 1041 2902 servitutis
1053 2840 1220 2918 officium,

235 2952 295 3013 quo
315 2933 491 3012 Religionis
512 2932 706 3010 integritati,
729 2931 879 3009 dignitati
900 2933 1150 3012 Episcoporum,
1171 2943 1223 3000 to-

236 3027 361 3105 tiusque
381 3026 483 3104 Regni
504 3025 733 3103 tranquillitati
748 3023 912 3088 catholice
932 3026 992 3088 fide
1006 3027 1136 3090 iamdiu
1163 3033 1223 3094 flo-

235 3119 407 3182 rentissimi
426 3119 632 3182 consulamus.
653 3120 714 3180 Sed
735 3137 815 3198 qnae
834 3118 971 3181 ineunda
991 3119 1116 3198 sintin
1145 3130 1219 3188 tam

235 3209 345 3272 effreni
372 3229 479 3274 rernm
506 3212 708 3273 subversione
732 3211 864 3274 consilia
886 3214 1028 3274 statuere
1049 3213 1221 3279 hodierna

235 3304 472 3386 dienequimue:
488 3308 527 3370 ad
548 3307 777 3386 cognoscendas
791 3306 875 3367 enim
888 3323 986 3368 novae
1007 3325 1075 3383 res,
1091 3314 1221 3388 quibus

235 3397 417 3462 Gallicanae
437 3401 595 3462 Ecclesiae
616 3399 755 3461 conditio
776 3403 826 3461 est
844 3400 1003 3478 impetita,
1021 3404 1219 3480 consilium,

236 3491 285 3554 uti
304 3492 337 3554 in
359 3511 444 3554 more
464 3495 515 3555 est
534 3492 682 3571 positum,
698 3491 952 3556 a‘Gardinalium
973 3495 1222 3577 Congregatio-
