2364 4198
614 216 793 277 -212-

224 323 276 383 vel
297 321 465 382 concedere
486 322 546 382 tibi
566 341 760 401 nequaquem
781 323 1008 395 dubitavimus,
1029 327 1123 399 prout
1140 323 1169 382 in

223 415 364 478 adiuncti
384 415 469 475 hisce
490 416 607 475 nostris
627 415 696 476 lolii
718 413 839 490 forma,
862 433 899 476 ac
921 420 1031 477 tenore
1052 419 1180 494 Expres-

221 529 291 573 snm
311 509 504 570 continetur.
521 512 618 570 mum
637 509 796 587 Optimum
811 510 984 570 Maximum
1007 527 1175 588 precamur,

224 608 261 666 ut
280 619 457 663 communes
477 620 592 676 curas,
613 603 795 680 laboresque
818 620 874 680 pro
896 621 952 664 sua
967 603 1108 664 Ecclesia
1128 621 1179 662 nc·

224 703 307 760 stros
327 697 473 757 sublevet
494 715 529 756 ac
550 697 710 770 secundet,
727 715 862 774 quasque
884 696 1072 756 effundimus
1092 697 1179 757 lacri-

104 815 105 822 ¹
223 809 290 852 mas
304 790 337 850 in
352 807 426 850 suae
438 790 559 867 gloriae
574 789 815 864 incrementum,
827 792 1036 866 Nostramque
1048 791 1180 852 consola·

224 884 343 945 tionem
357 900 414 961 per
428 882 674 958 omnipotentem
689 899 776 942 auam
791 882 1042 942 misericordiam
1057 885 1174 942 tandem

222 979 288 1055 ipse
310 978 489 1036 convertat.
514 974 658 1052 Tibique‚
681 977 873 1037 venerabilis
894 977 1014 1050 frater,
1037 977 1178 1053 apostoli·

223 1089 290 1133 cam
300 1069 558 1143 benedictionem,
567 1068 748 1130 caelestium
760 1069 1009 1130 benedictionum
1018 1069 1174 1147 auspicem,

122 1207 124 1216 J
224 1164 255 1223 in
276 1166 411 1226 Nostrae
426 1161 523 1222 etiam
538 1161 710 1240 singularis
721 1159 961 1222 benevmeutiae
976 1161 1175 1222 existimatio·

224 1257 332 1335 nisque
352 1257 465 1334 pignus
485 1260 687 1332 peramanter
706 1256 920 1333 impertimur.

282 1351 397 1409 Datum
419 1351 550 1421 Romae,
564 1348 614 1407 die
628 1349 749 1408 XXVII
770 1347 844 1408 Iulii
857 1345 1054 1422 Moocxcl,
1072 1345 1166 1408 Ponti-

222 1442 336 1504 lcatus
348 1441 458 1504 Nostri
472 1444 562 1502 Anno
575 1441 678 1504 XVII.

644 1659 759 1716 ΧΙΝ.

579 1775 718 1828 sinueris
744 1784 835 1828 riuus

355 1929 535 1992 vicanus
556 1931 845 1992 GENERALIBUS
864 1930 1066 1994 CAPITULI

538 2023 872 2085 (lORISOPITENSlS

587 2197 666 2258 Sede
692 2197 834 2259 Vacante

439 2372 610 2454 rius
660 2333 852 2450 rnen
902 2373 970 2450 v1.

344 2559 473 2620 nacon
490 2560 588 2630 riui,
602 2521 754 2620 saniem
775 2563 811 2618 et
830 2559 1074 2629 scaranem

559 2657 854 2715 Benedictionem.

289 2844 339 2904 lta
351 2844 448 2905 Nobis
462 2847 553 2905 nome
567 2847 807 2921 perspectaeque
821 2845 896 2902 sunt
913 2841 1072 2902 maximae
1086 2841 1179 2903 Ennia-i

226 2935 290 2998 siae
308 2938 489 2999 Gallicanae
504 2938 714 3011 calamitates,
724 2941 872 3015 tantoque
885 2954 940 3014 pro
952 2937 1071 2996 eisdem
1088 2931 1174 2996 inlini

227 3032 343 3092 doloris
364 3051 456 3094 seusu
478 3033 653 3108 afficimur,
677 3036 713 3093 ut
737 3032 883 3098 lacrimas
908 3034 942 3091 et
965 3030 1129 3092 ferventia
1147 3027 1173 3088 ed

226 3127 325 3186 Deum
340 3130 415 3188 vota
429 3121 588 3188 effundere
603 3145 768 3205 numquam
779 3124 1044 3187 intermittamus.
1065 3128 1178 3212 12:1un

227 3217 319 3278 facile
334 3222 467 3297 potestis
488 3221 683 3298 intelligere,
699 3219 808 3280 dilecti
828 3219 900 3292 lilii,
916 3222 1113 3296 quantopere
1126 3219 1174 3277 Noe

226 3319 463 3375 commoverunt
487 3315 617 3375 litterae
645 3318 792 3384 vestrae,
819 3312 850 3371 in
879 3312 990 3389 quibus
1020 3311 1174 3390 lugubren

226 3405 384 3466 Ecclesiae
406 3407 498 3467 istius
519 3410 636 3467 statum
658 3407 776 3466 iamin
802 3405 959 3466 viduitate
980 3407 1177 3472 constitutas

230 3515 266 3558 ac
286 3499 326 3559 ab
345 3499 516 3577 illegitimo
536 3500 720 3578 intrusoque
734 3502 880 3560 invasore
895 3503 1064 3577 occupatae
1086 3497 1175 3575 deplo-
