<?xml version="1.0" encoding="UTF-8"?>
<!DOCTYPE html PUBLIC "-//W3C//DTD XHTML 1.0 Transitional//EN"
    "http://www.w3.org/TR/xhtml1/DTD/xhtml1-transitional.dtd">
<html xmlns="http://www.w3.org/1999/xhtml" xml:lang="en" lang="en">
 <head>
  <title>
</title>
<meta http-equiv="Content-Type" content="text/html;charset=utf-8" />
  <meta name='ocr-system' content='tesseract 3.04.00' />
  <meta name='ocr-capabilities' content='ocr_page ocr_carea ocr_par ocr_line ocrx_word'/>
</head>
<body>
  <div class='ocr_page' id='page_1' title='image "./piivipontmaxact00piusgoog_0138.png"; bbox 0 0 2386 4194; ppageno 0'>
   <div class='ocr_carea' id='block_1_1' title="bbox 388 215 568 274">
    <p class='ocr_par' dir='ltr' id='par_1_1' title="bbox 388 215 568 274">
     <span class='ocr_line' id='line_1_1' title="bbox 388 215 568 274; baseline 0 0"><span class='ocrx_word' id='word_1_1' title='bbox 388 215 568 274; x_wconf 80' lang='lat'>-121-</span> 
     </span>
    </p>
   </div>
   <div class='ocr_carea' id='block_1_2' title="bbox 15 319 961 960">
    <p class='ocr_par' dir='ltr' id='par_1_2' title="bbox 15 319 961 960">
     <span class='ocr_line' id='line_1_2' title="bbox 18 319 961 397; baseline 0.008 -19"><span class='ocrx_word' id='word_1_2' title='bbox 18 338 116 397; x_wconf 82' lang='lat' dir='ltr'><strong>quoque</strong></span> <span class='ocrx_word' id='word_1_3' title='bbox 135 321 167 379; x_wconf 91' lang='lat' dir='ltr'><strong>S.</strong></span> <span class='ocrx_word' id='word_1_4' title='bbox 182 319 302 394; x_wconf 88' lang='lat' dir='ltr'><strong>Hilarii</strong></span> <span class='ocrx_word' id='word_1_5' title='bbox 323 320 533 381; x_wconf 73' lang='lat' dir='ltr'><strong>pictaviensis</strong></span> <span class='ocrx_word' id='word_1_6' title='bbox 559 323 598 382; x_wconf 91' lang='lat' dir='ltr'><strong>ab</strong></span> <span class='ocrx_word' id='word_1_7' title='bbox 618 324 759 385; x_wconf 75' lang='lat' dir='ltr'><strong>Ecclesia</strong></span> <span class='ocrx_word' id='word_1_8' title='bbox 779 325 961 386; x_wconf 76' lang='lat' dir='ltr'><strong>Arelatensi</strong></span> 
     </span>
     <span class='ocr_line' id='line_1_3' title="bbox 16 413 959 494; baseline 0.007 -23"><span class='ocrx_word' id='word_1_9' title='bbox 16 413 140 489; x_wconf 80' lang='lat' dir='ltr'><strong>expulsus</strong></span> <span class='ocrx_word' id='word_1_10' title='bbox 160 413 225 472; x_wconf 83' lang='lat' dir='ltr'><strong>init</strong></span> <span class='ocrx_word' id='word_1_11' title='bbox 248 414 439 474; x_wconf 72' lang='lat' dir='ltr'><strong>Saturninus</strong></span> <span class='ocrx_word' id='word_1_12' title='bbox 461 416 629 492; x_wconf 82' lang='lat' dir='ltr'><strong>Episcopus</strong></span> <span class='ocrx_word' id='word_1_13' title='bbox 650 417 708 492; x_wconf 89' lang='lat' dir='ltr'><strong>(l),</strong></span> <span class='ocrx_word' id='word_1_14' title='bbox 732 419 841 494; x_wconf 83' lang='lat' dir='ltr'><strong>utpote</strong></span> <span class='ocrx_word' id='word_1_15' title='bbox 862 418 959 478; x_wconf 92' lang='lat' dir='ltr'><strong>obsti-</strong></span> 
     </span>
     <span class='ocr_line' id='line_1_4' title="bbox 17 508 961 588; baseline 0.007 -23"><span class='ocrx_word' id='word_1_16' title='bbox 17 511 71 566; x_wconf 86' lang='lat' dir='ltr'><strong>nate</strong></span> <span class='ocrx_word' id='word_1_17' title='bbox 89 508 259 583; x_wconf 86' lang='lat' dir='ltr'><strong>persistens</strong></span> <span class='ocrx_word' id='word_1_18' title='bbox 280 508 313 566; x_wconf 92' lang='lat' dir='ltr'><strong>iu</strong></span> <span class='ocrx_word' id='word_1_19' title='bbox 336 527 429 568; x_wconf 88' lang='lat' dir='ltr'><strong>sensu</strong></span> <span class='ocrx_word' id='word_1_20' title='bbox 446 508 668 588; x_wconf 90' lang='lat' dir='ltr'><strong>Episcoporum</strong></span> <span class='ocrx_word' id='word_1_21' title='bbox 688 511 889 572; x_wconf 72' lang='lat' dir='ltr'><strong>Asianorum.</strong></span> <span class='ocrx_word' id='word_1_22' title='bbox 902 513 961 572; x_wconf 89' lang='lat' dir='ltr'><strong>Dc-</strong></span> 
     </span>
     <span class='ocr_line' id='line_1_5' title="bbox 15 602 961 682; baseline 0.005 -23"><span class='ocrx_word' id='word_1_23' title='bbox 15 619 79 660; x_wconf 90' lang='lat' dir='ltr'><strong>uum</strong></span> <span class='ocrx_word' id='word_1_24' title='bbox 106 603 266 662; x_wconf 88' lang='lat' dir='ltr'><strong>sententia</strong></span> <span class='ocrx_word' id='word_1_25' title='bbox 290 602 414 662; x_wconf 86' lang='lat' dir='ltr'><strong>Liberii</strong></span> <span class='ocrx_word' id='word_1_26' title='bbox 444 604 631 664; x_wconf 89' lang='lat' dir='ltr'><strong>confirmata</strong></span> <span class='ocrx_word' id='word_1_27' title='bbox 657 623 714 682; x_wconf 91' lang='lat' dir='ltr'><strong>per</strong></span> <span class='ocrx_word' id='word_1_28' title='bbox 743 607 776 665; x_wconf 86' lang='lat' dir='ltr'><strong>S.</strong></span> <span class='ocrx_word' id='word_1_29' title='bbox 796 608 961 666; x_wconf 82' lang='lat' dir='ltr'><strong>Damasum</strong></span> 
     </span>
     <span class='ocr_line' id='line_1_6' title="bbox 15 694 960 776; baseline 0.007 -24"><span class='ocrx_word' id='word_1_30' title='bbox 15 694 61 754; x_wconf 86' lang='lat' dir='ltr'><strong>luit</strong></span> <span class='ocrx_word' id='word_1_31' title='bbox 77 696 220 773; x_wconf 90' lang='lat' dir='ltr'><strong>Epistola</strong></span> <span class='ocrx_word' id='word_1_32' title='bbox 241 697 401 774; x_wconf 82' lang='lat' dir='ltr'><strong>Synodica</strong></span> <span class='ocrx_word' id='word_1_33' title='bbox 421 697 453 756; x_wconf 92' lang='lat' dir='ltr'><strong>in</strong></span> <span class='ocrx_word' id='word_1_34' title='bbox 475 698 616 760; x_wconf 85' lang='lat' dir='ltr'><strong>(louoilio</strong></span> <span class='ocrx_word' id='word_1_35' title='bbox 641 697 813 776; x_wconf 81' lang='lat' dir='ltr'><strong>nonaginta</strong></span> <span class='ocrx_word' id='word_1_36' title='bbox 834 699 960 776; x_wconf 89' lang='lat' dir='ltr'><strong>Episco-</strong></span> 
     </span>
     <span class='ocr_line' id='line_1_7' title="bbox 15 790 960 870; baseline 0.005 -23"><span class='ocrx_word' id='word_1_37' title='bbox 15 805 100 864; x_wconf 89' lang='lat' dir='ltr'><strong>porum</strong></span> <span class='ocrx_word' id='word_1_38' title='bbox 123 791 210 861; x_wconf 89' lang='lat' dir='ltr'><strong>data,</strong></span> <span class='ocrx_word' id='word_1_39' title='bbox 227 793 264 849; x_wconf 91' lang='lat' dir='ltr'><strong>ut</strong></span> <span class='ocrx_word' id='word_1_40' title='bbox 283 790 570 853; x_wconf 89' lang='lat' dir='ltr'><strong>Orientalesetiam</strong></span> <span class='ocrx_word' id='word_1_41' title='bbox 587 793 691 870; x_wconf 89' lang='lat' dir='ltr'><strong>palam</strong></span> <span class='ocrx_word' id='word_1_42' title='bbox 712 793 874 854; x_wconf 88' lang='lat' dir='ltr'><strong>declarare</strong></span> <span class='ocrx_word' id='word_1_43' title='bbox 890 810 960 870; x_wconf 90' lang='lat' dir='ltr'><strong>pos·</strong></span> 
     </span>
     <span class='ocr_line' id='line_1_8' title="bbox 18 883 961 960; baseline 0.008 -21"><span class='ocrx_word' id='word_1_44' title='bbox 18 887 76 953; x_wconf 85' lang='lat' dir='ltr'><strong>seut,</strong></span> <span class='ocrx_word' id='word_1_45' title='bbox 97 895 129 942; x_wconf 84' lang='lat' dir='ltr'><strong>se</strong></span> <span class='ocrx_word' id='word_1_46' title='bbox 151 883 201 943; x_wconf 92' lang='lat' dir='ltr'><strong>sui</strong></span> <span class='ocrx_word' id='word_1_47' title='bbox 223 884 342 943; x_wconf 88' lang='lat' dir='ltr'><strong>erroris</strong></span> <span class='ocrx_word' id='word_1_48' title='bbox 364 885 537 960; x_wconf 86' lang='lat' dir='ltr'><strong>poenitere,</strong></span> <span class='ocrx_word' id='word_1_49' title='bbox 561 885 588 946; x_wconf 93' lang='lat' dir='ltr'><strong>si</strong></span> <span class='ocrx_word' id='word_1_50' title='bbox 609 886 759 947; x_wconf 91' lang='lat' dir='ltr'><strong>catholici</strong></span> <span class='ocrx_word' id='word_1_51' title='bbox 780 886 890 948; x_wconf 89' lang='lat' dir='ltr'><strong>haberi</strong></span> <span class='ocrx_word' id='word_1_52' title='bbox 912 889 961 947; x_wconf 90' lang='lat' dir='ltr'><strong>at·</strong></span> 
     </span>
    </p>
   </div>
   <div class='ocr_carea' id='block_1_3' title="bbox 13 985 961 3216">
    <p class='ocr_par' dir='ltr' id='par_1_3' title="bbox 18 985 958 1343">
     <span class='ocr_line' id='line_1_9' title="bbox 21 985 957 1062; baseline 0.003 -21"><span class='ocrx_word' id='word_1_53' title='bbox 21 1001 57 1058; x_wconf 85' lang='lat' dir='ltr'><strong>quc</strong></span> <span class='ocrx_word' id='word_1_54' title='bbox 73 1003 140 1045; x_wconf 87' lang='lat' dir='ltr'><strong>esse</strong></span> <span class='ocrx_word' id='word_1_55' title='bbox 160 985 348 1046; x_wconf 88' lang='lat' dir='ltr'><strong>voluissent.</strong></span> <span class='ocrx_word' id='word_1_56' title='bbox 370 985 561 1045; x_wconf 78' lang='lat' dir='ltr'><strong>«Credimus</strong></span> <span class='ocrx_word' id='word_1_57' title='bbox 583 989 688 1046; x_wconf 91' lang='lat' dir='ltr'><strong>autem</strong></span> <span class='ocrx_word' id='word_1_58' title='bbox 718 985 905 1062; x_wconf 85' lang='lat' dir='ltr'><strong>languentes</strong></span> <span class='ocrx_word' id='word_1_59' title='bbox 925 986 957 1044; x_wconf 91' lang='lat' dir='ltr'><strong>iu</strong></span> 
     </span>
     <span class='ocr_line' id='line_1_10' title="bbox 21 1077 958 1156; baseline 0.006 -24"><span class='ocrx_word' id='word_1_60' title='bbox 21 1077 87 1137; x_wconf 79' lang='lat' dir='ltr'><strong>sisto</strong></span> <span class='ocrx_word' id='word_1_61' title='bbox 107 1078 288 1152; x_wconf 90' lang='lat' dir='ltr'><strong>conamine,</strong></span> <span class='ocrx_word' id='word_1_62' title='bbox 312 1096 371 1138; x_wconf 89' lang='lat' dir='ltr'><strong>non</strong></span> <span class='ocrx_word' id='word_1_63' title='bbox 395 1080 485 1139; x_wconf 88' lang='lat' dir='ltr'><strong>tarde</strong></span> <span class='ocrx_word' id='word_1_64' title='bbox 507 1098 526 1139; x_wconf 91' lang='lat' dir='ltr'><strong>a</strong></span> <span class='ocrx_word' id='word_1_65' title='bbox 548 1083 658 1139; x_wconf 90' lang='lat' dir='ltr'><strong>nostra</strong></span> <span class='ocrx_word' id='word_1_66' title='bbox 678 1079 867 1156; x_wconf 88' lang='lat' dir='ltr'><strong>separandos</strong></span> <span class='ocrx_word' id='word_1_67' title='bbox 892 1095 958 1138; x_wconf 89' lang='lat' dir='ltr'><strong>esse</strong></span> 
     </span>
     <span class='ocr_line' id='line_1_11' title="bbox 19 1170 957 1248; baseline 0.004 -22"><span class='ocrx_word' id='word_1_68' title='bbox 19 1171 262 1244; x_wconf 70' lang='lat' dir='ltr'><strong>communione,</strong></span> <span class='ocrx_word' id='word_1_69' title='bbox 285 1175 318 1230; x_wconf 90' lang='lat' dir='ltr'><strong>et</strong></span> <span class='ocrx_word' id='word_1_70' title='bbox 339 1171 443 1231; x_wconf 89' lang='lat' dir='ltr'><strong>abeis</strong></span> <span class='ocrx_word' id='word_1_71' title='bbox 463 1172 667 1248; x_wconf 80' lang='lat' dir='ltr'><strong>Episcopatus</strong></span> <span class='ocrx_word' id='word_1_72' title='bbox 695 1190 803 1232; x_wconf 89' lang='lat' dir='ltr'><strong>nomeu</strong></span> <span class='ocrx_word' id='word_1_73' title='bbox 825 1170 957 1243; x_wconf 88' lang='lat' dir='ltr'><strong>auferri,</strong></span> 
     </span>
     <span class='ocr_line' id='line_1_12' title="bbox 18 1264 956 1343; baseline 0.004 -23"><span class='ocrx_word' id='word_1_74' title='bbox 18 1271 178 1340; x_wconf 75' lang='lat' dir='ltr'><strong>»quatenus</strong></span> <span class='ocrx_word' id='word_1_75' title='bbox 194 1265 300 1342; x_wconf 91' lang='lat' dir='ltr'><strong>populi</strong></span> <span class='ocrx_word' id='word_1_76' title='bbox 322 1283 429 1326; x_wconf 90' lang='lat' dir='ltr'><strong>eorum</strong></span> <span class='ocrx_word' id='word_1_77' title='bbox 443 1265 572 1326; x_wconf 91' lang='lat' dir='ltr'><strong>liberati</strong></span> <span class='ocrx_word' id='word_1_78' title='bbox 586 1282 694 1325; x_wconf 90' lang='lat' dir='ltr'><strong>errore</strong></span> <span class='ocrx_word' id='word_1_79' title='bbox 709 1264 887 1343; x_wconf 78' lang='lat' dir='ltr'><strong>respirent»</strong></span> <span class='ocrx_word' id='word_1_80' title='bbox 899 1264 956 1342; x_wconf 79' lang='grc'><strong>(2).</strong></span> 
     </span>
    </p>

    <p class='ocr_par' dir='ltr' id='par_1_4' title="bbox 13 1359 961 3216">
     <span class='ocr_line' id='line_1_13' title="bbox 59 1359 961 1437; baseline -0.002 -17"><span class='ocrx_word' id='word_1_81' title='bbox 59 1361 169 1436; x_wconf 88' lang='lat' dir='ltr'><strong>Negari</strong></span> <span class='ocrx_word' id='word_1_82' title='bbox 192 1360 316 1436; x_wconf 90' lang='lat' dir='ltr'><strong>quidem</strong></span> <span class='ocrx_word' id='word_1_83' title='bbox 344 1359 431 1420; x_wconf 92' lang='lat' dir='ltr'><strong>nullo</strong></span> <span class='ocrx_word' id='word_1_84' title='bbox 458 1361 549 1418; x_wconf 86' lang='lat' dir='ltr'><strong>modo</strong></span> <span class='ocrx_word' id='word_1_85' title='bbox 571 1363 676 1437; x_wconf 91' lang='lat' dir='ltr'><strong>potest</strong></span> <span class='ocrx_word' id='word_1_86' title='bbox 697 1361 961 1437; x_wconf 68' lang='lat' dir='ltr'><strong>augustodunen-</strong></span> 
     </span>
     <span class='ocr_line' id='line_1_14' title="bbox 19 1451 957 1530; baseline 0 -19"><span class='ocrx_word' id='word_1_87' title='bbox 19 1471 73 1526; x_wconf 90' lang='lat' dir='ltr'><strong>seu,</strong></span> <span class='ocrx_word' id='word_1_88' title='bbox 86 1471 219 1530; x_wconf 87' lang='lat' dir='ltr'><strong>suosque</strong></span> <span class='ocrx_word' id='word_1_89' title='bbox 234 1452 412 1526; x_wconf 74' lang='lat' dir='ltr'><strong>imitatores</strong></span> <span class='ocrx_word' id='word_1_90' title='bbox 425 1452 457 1512; x_wconf 89' lang='lat' dir='ltr'><strong>in</strong></span> <span class='ocrx_word' id='word_1_91' title='bbox 479 1471 587 1512; x_wconf 91' lang='lat' dir='ltr'><strong>eorum</strong></span> <span class='ocrx_word' id='word_1_92' title='bbox 598 1470 631 1512; x_wconf 91' lang='lat' dir='ltr'><strong>se</strong></span> <span class='ocrx_word' id='word_1_93' title='bbox 642 1451 810 1512; x_wconf 89' lang='lat' dir='ltr'><strong>coniecisse</strong></span> <span class='ocrx_word' id='word_1_94' title='bbox 825 1456 957 1524; x_wconf 89' lang='lat' dir='ltr'><strong>statum,</strong></span> 
     </span>
     <span class='ocr_line' id='line_1_15' title="bbox 23 1545 961 1620; baseline 0.003 -16"><span class='ocrx_word' id='word_1_95' title='bbox 23 1546 67 1619; x_wconf 76' lang='lat' dir='ltr'><strong>qui,</strong></span> <span class='ocrx_word' id='word_1_96' title='bbox 78 1553 109 1606; x_wconf 90' lang='lat' dir='ltr'><strong>ut</strong></span> <span class='ocrx_word' id='word_1_97' title='bbox 123 1545 274 1619; x_wconf 82' lang='lat' dir='ltr'><strong>diximus,</strong></span> <span class='ocrx_word' id='word_1_98' title='bbox 289 1545 438 1606; x_wconf 90' lang='lat' dir='ltr'><strong>iudicium</strong></span> <span class='ocrx_word' id='word_1_99' title='bbox 460 1547 622 1607; x_wconf 89' lang='lat' dir='ltr'><strong>subierant</strong></span> <span class='ocrx_word' id='word_1_100' title='bbox 635 1545 767 1620; x_wconf 91' lang='lat' dir='ltr'><strong>Liberii,</strong></span> <span class='ocrx_word' id='word_1_101' title='bbox 782 1546 911 1620; x_wconf 87' lang='lat' dir='ltr'><strong>Hilarii,</strong></span> <span class='ocrx_word' id='word_1_102' title='bbox 926 1550 961 1608; x_wconf 90' lang='lat' dir='ltr'><strong>et</strong></span> 
     </span>
     <span class='ocr_line' id='line_1_16' title="bbox 25 1638 957 1716; baseline 0.009 -22"><span class='ocrx_word' id='word_1_103' title='bbox 25 1638 133 1711; x_wconf 77' lang='lat' dir='ltr'><strong>bauai,</strong></span> <span class='ocrx_word' id='word_1_104' title='bbox 158 1643 253 1716; x_wconf 86' lang='lat' dir='ltr'><strong>atque</strong></span> <span class='ocrx_word' id='word_1_105' title='bbox 274 1639 361 1712; x_wconf 90' lang='lat' dir='ltr'><strong>idco,</strong></span> <span class='ocrx_word' id='word_1_106' title='bbox 384 1641 411 1699; x_wconf 91' lang='lat' dir='ltr'><strong>si</strong></span> <span class='ocrx_word' id='word_1_107' title='bbox 433 1659 522 1701; x_wconf 90' lang='lat' dir='ltr'><strong>suum</strong></span> <span class='ocrx_word' id='word_1_108' title='bbox 545 1642 624 1702; x_wconf 90' lang='lat' dir='ltr'><strong>illud</strong></span> <span class='ocrx_word' id='word_1_109' title='bbox 646 1646 877 1703; x_wconf 88' lang='lat' dir='ltr'><strong>sacramentum</strong></span> <span class='ocrx_word' id='word_1_110' title='bbox 899 1661 957 1702; x_wconf 92' lang='lat' dir='ltr'><strong>nou</strong></span> 
     </span>
     <span class='ocr_line' id='line_1_17' title="bbox 24 1735 957 1814; baseline 0.005 -21"><span class='ocrx_word' id='word_1_111' title='bbox 24 1735 234 1809; x_wconf 66' lang='lat' dir='ltr'><strong>formaverint,</strong></span> <span class='ocrx_word' id='word_1_112' title='bbox 258 1735 358 1795; x_wconf 89' lang='lat' dir='ltr'><strong>sciant</strong></span> <span class='ocrx_word' id='word_1_113' title='bbox 379 1736 452 1812; x_wconf 90' lang='lat' dir='ltr'><strong>quid</strong></span> <span class='ocrx_word' id='word_1_114' title='bbox 474 1735 537 1795; x_wconf 91' lang='lat' dir='ltr'><strong>iam</strong></span> <span class='ocrx_word' id='word_1_115' title='bbox 559 1738 801 1814; x_wconf 82' lang='lat' dir='ltr'><strong>exspectandum</strong></span> <span class='ocrx_word' id='word_1_116' title='bbox 823 1736 883 1796; x_wconf 89' lang='lat' dir='ltr'><strong>sibi</strong></span> <span class='ocrx_word' id='word_1_117' title='bbox 904 1737 957 1798; x_wconf 89' lang='lat' dir='ltr'><strong>sit.</strong></span> 
     </span>
     <span class='ocr_line' id='line_1_18' title="bbox 22 1824 957 1907; baseline -0.002 -17"><span class='ocrx_word' id='word_1_118' title='bbox 22 1824 79 1890; x_wconf 79' lang='lat' dir='ltr'><strong>Quae</strong></span> <span class='ocrx_word' id='word_1_119' title='bbox 96 1830 250 1889; x_wconf 90' lang='lat' dir='ltr'><strong>hactenus</strong></span> <span class='ocrx_word' id='word_1_120' title='bbox 279 1829 511 1901; x_wconf 88' lang='lat' dir='ltr'><strong>recensuimus,</strong></span> <span class='ocrx_word' id='word_1_121' title='bbox 534 1849 570 1891; x_wconf 88' lang='lat' dir='ltr'><strong>ac</strong></span> <span class='ocrx_word' id='word_1_122' title='bbox 591 1831 875 1907; x_wconf 86' lang='lat' dir='ltr'><strong>pertractavimus,</strong></span> <span class='ocrx_word' id='word_1_123' title='bbox 899 1848 957 1890; x_wconf 91' lang='lat' dir='ltr'><strong>uon</strong></span> 
     </span>
     <span class='ocr_line' id='line_1_19' title="bbox 19 1924 958 2000; baseline 0.006 -24"><span class='ocrx_word' id='word_1_124' title='bbox 19 1935 46 1977; x_wconf 89' lang='lat' dir='ltr'><strong>er</strong></span> <span class='ocrx_word' id='word_1_125' title='bbox 61 1926 156 1983; x_wconf 90' lang='lat' dir='ltr'><strong>mente</strong></span> <span class='ocrx_word' id='word_1_126' title='bbox 179 1926 301 1995; x_wconf 90' lang='lat' dir='ltr'><strong>nostra,</strong></span> <span class='ocrx_word' id='word_1_127' title='bbox 325 1926 378 1982; x_wconf 91' lang='lat' dir='ltr'><strong>sed</strong></span> <span class='ocrx_word' id='word_1_128' title='bbox 400 1942 440 1983; x_wconf 87' lang='lat' dir='ltr'><strong>ex</strong></span> <span class='ocrx_word' id='word_1_129' title='bbox 467 1924 647 2000; x_wconf 90' lang='lat' dir='ltr'><strong>purioribus</strong></span> <span class='ocrx_word' id='word_1_130' title='bbox 669 1943 776 1986; x_wconf 90' lang='lat' dir='ltr'><strong>sacrae</strong></span> <span class='ocrx_word' id='word_1_131' title='bbox 796 1925 958 1984; x_wconf 88' lang='lat' dir='ltr'><strong>doctrinae</strong></span> 
     </span>
     <span class='ocr_line' id='line_1_20' title="bbox 21 2011 961 2090; baseline 0.009 -22"><span class='ocrx_word' id='word_1_132' title='bbox 21 2011 144 2088; x_wconf 84' lang='lat' dir='ltr'><strong>lontibus,</strong></span> <span class='ocrx_word' id='word_1_133' title='bbox 162 2020 199 2076; x_wconf 92' lang='lat' dir='ltr'><strong>ut</strong></span> <span class='ocrx_word' id='word_1_134' title='bbox 219 2016 349 2090; x_wconf 85' lang='lat' dir='ltr'><strong>videtis,</strong></span> <span class='ocrx_word' id='word_1_135' title='bbox 365 2016 516 2077; x_wconf 87' lang='lat' dir='ltr'><strong>eruimus.</strong></span> <span class='ocrx_word' id='word_1_136' title='bbox 531 2018 621 2077; x_wconf 91' lang='lat' dir='ltr'><strong>Nunc</strong></span> <span class='ocrx_word' id='word_1_137' title='bbox 636 2021 741 2079; x_wconf 89' lang='lat' dir='ltr'><strong>autem</strong></span> <span class='ocrx_word' id='word_1_138' title='bbox 757 2018 794 2079; x_wconf 92' lang='lat' dir='ltr'><strong>ad</strong></span> <span class='ocrx_word' id='word_1_139' title='bbox 817 2036 872 2078; x_wconf 91' lang='lat' dir='ltr'><strong>vos</strong></span> <span class='ocrx_word' id='word_1_140' title='bbox 886 2036 961 2076; x_wconf 88' lang='lat' dir='ltr'><strong>con-</strong></span> 
     </span>
     <span class='ocr_line' id='line_1_21' title="bbox 23 2110 960 2186; baseline 0.011 -25"><span class='ocrx_word' id='word_1_141' title='bbox 23 2110 168 2182; x_wconf 85' lang='lat' dir='ltr'><strong>vertimur,</strong></span> <span class='ocrx_word' id='word_1_142' title='bbox 200 2111 333 2170; x_wconf 85' lang='lat' dir='ltr'><strong>Fratres</strong></span> <span class='ocrx_word' id='word_1_143' title='bbox 360 2113 472 2172; x_wconf 90' lang='lat' dir='ltr'><strong>Nostri</strong></span> <span class='ocrx_word' id='word_1_144' title='bbox 500 2111 674 2186; x_wconf 91' lang='lat' dir='ltr'><strong>carissimi,</strong></span> <span class='ocrx_word' id='word_1_145' title='bbox 697 2118 731 2172; x_wconf 90' lang='lat' dir='ltr'><strong>et</strong></span> <span class='ocrx_word' id='word_1_146' title='bbox 760 2111 960 2173; x_wconf 88' lang='lat' dir='ltr'><strong>desideratis-</strong></span> 
     </span>
     <span class='ocr_line' id='line_1_22' title="bbox 22 2197 961 2284; baseline 0.011 -29"><span class='ocrx_word' id='word_1_147' title='bbox 22 2197 79 2273; x_wconf 83' lang='lat' dir='ltr'><strong>simi,</strong></span> <span class='ocrx_word' id='word_1_148' title='bbox 93 2203 240 2280; x_wconf 86' lang='lat' dir='ltr'><strong>gandium</strong></span> <span class='ocrx_word' id='word_1_149' title='bbox 258 2205 422 2277; x_wconf 89' lang='lat' dir='ltr'><strong>Nostrum,</strong></span> <span class='ocrx_word' id='word_1_150' title='bbox 438 2209 473 2265; x_wconf 90' lang='lat' dir='ltr'><strong>et</strong></span> <span class='ocrx_word' id='word_1_151' title='bbox 491 2223 610 2267; x_wconf 88' lang='lat' dir='ltr'><strong>corona</strong></span> <span class='ocrx_word' id='word_1_152' title='bbox 628 2207 758 2278; x_wconf 90' lang='lat' dir='ltr'><strong>Nostra,</strong></span> <span class='ocrx_word' id='word_1_153' title='bbox 775 2206 841 2284; x_wconf 92' lang='lat' dir='ltr'><strong>qui,</strong></span> <span class='ocrx_word' id='word_1_154' title='bbox 855 2223 961 2283; x_wconf 91' lang='lat' dir='ltr'><strong>quam-</strong></span> 
     </span>
     <span class='ocr_line' id='line_1_23' title="bbox 18 2293 959 2378; baseline 0.014 -30"><span class='ocrx_word' id='word_1_155' title='bbox 18 2293 52 2350; x_wconf 87' lang='lat' dir='ltr'><strong>vis</strong></span> <span class='ocrx_word' id='word_1_156' title='bbox 69 2298 183 2358; x_wconf 88' lang='lat' dir='ltr'><strong>nullius</strong></span> <span class='ocrx_word' id='word_1_157' title='bbox 203 2298 396 2359; x_wconf 87' lang='lat' dir='ltr'><strong>hortationis</strong></span> <span class='ocrx_word' id='word_1_158' title='bbox 428 2300 566 2361; x_wconf 90' lang='lat' dir='ltr'><strong>stimulis</strong></span> <span class='ocrx_word' id='word_1_159' title='bbox 594 2300 781 2378; x_wconf 86' lang='lat' dir='ltr'><strong>indigeatis,</strong></span> <span class='ocrx_word' id='word_1_160' title='bbox 805 2319 875 2361; x_wconf 93' lang='lat' dir='ltr'><strong>cum</strong></span> <span class='ocrx_word' id='word_1_161' title='bbox 895 2304 959 2363; x_wconf 91' lang='lat' dir='ltr'><strong>Nos</strong></span> 
     </span>
     <span class='ocr_line' id='line_1_24' title="bbox 17 2383 961 2470; baseline 0.01 -25"><span class='ocrx_word' id='word_1_162' title='bbox 17 2383 61 2460; x_wconf 89' lang='lat' dir='ltr'><strong>ipsi</strong></span> <span class='ocrx_word' id='word_1_163' title='bbox 83 2390 113 2448; x_wconf 87' lang='lat' dir='ltr'><strong>in</strong></span> <span class='ocrx_word' id='word_1_164' title='bbox 145 2391 245 2450; x_wconf 88' lang='lat' dir='ltr'><strong>Vobis</strong></span> <span class='ocrx_word' id='word_1_165' title='bbox 276 2391 452 2468; x_wconf 86' lang='lat' dir='ltr'><strong>gloriemur</strong></span> <span class='ocrx_word' id='word_1_166' title='bbox 473 2411 529 2470; x_wconf 92' lang='lat' dir='ltr'><strong>pro</strong></span> <span class='ocrx_word' id='word_1_167' title='bbox 552 2395 669 2454; x_wconf 88' lang='lat' dir='ltr'><strong>Vestra</strong></span> <span class='ocrx_word' id='word_1_168' title='bbox 694 2393 755 2453; x_wconf 89' lang='lat' dir='ltr'><strong>fide</strong></span> <span class='ocrx_word' id='word_1_169' title='bbox 780 2393 811 2454; x_wconf 91' lang='lat' dir='ltr'><strong>in</strong></span> <span class='ocrx_word' id='word_1_170' title='bbox 840 2394 961 2455; x_wconf 90' lang='lat' dir='ltr'><strong>cunctis</strong></span> 
     </span>
     <span class='ocr_line' id='line_1_25' title="bbox 18 2484 958 2563; baseline 0.011 -27"><span class='ocrx_word' id='word_1_171' title='bbox 18 2484 173 2556; x_wconf 86' lang='lat' dir='ltr'><strong>aerumnis,</strong></span> <span class='ocrx_word' id='word_1_172' title='bbox 197 2494 232 2544; x_wconf 92' lang='lat' dir='ltr'><strong>et</strong></span> <span class='ocrx_word' id='word_1_173' title='bbox 253 2501 309 2561; x_wconf 91' lang='lat' dir='ltr'><strong>pro</strong></span> <span class='ocrx_word' id='word_1_174' title='bbox 330 2487 469 2562; x_wconf 87' lang='lat' dir='ltr'><strong>egregiis</strong></span> <span class='ocrx_word' id='word_1_175' title='bbox 497 2485 658 2563; x_wconf 83' lang='lat' dir='ltr'><strong>evulgatis</strong></span> <span class='ocrx_word' id='word_1_176' title='bbox 683 2487 958 2558; x_wconf 87' lang='lat' dir='ltr'><strong>instructionibus,</strong></span> 
     </span>
     <span class='ocr_line' id='line_1_26' title="bbox 20 2574 961 2654; baseline 0.009 -23"><span class='ocrx_word' id='word_1_177' title='bbox 20 2574 215 2636; x_wconf 87' lang='lat' dir='ltr'><strong>rationabilem</strong></span> <span class='ocrx_word' id='word_1_178' title='bbox 237 2579 471 2654; x_wconf 90' lang='lat' dir='ltr'><strong>comprobemus</strong></span> <span class='ocrx_word' id='word_1_179' title='bbox 492 2580 666 2639; x_wconf 87' lang='lat' dir='ltr'><strong>dissensum</strong></span> <span class='ocrx_word' id='word_1_180' title='bbox 689 2581 838 2641; x_wconf 86' lang='lat' dir='ltr'><strong>Vestrum</strong></span> <span class='ocrx_word' id='word_1_181' title='bbox 860 2600 879 2641; x_wconf 94' lang='lat' dir='ltr'><strong>a</strong></span> <span class='ocrx_word' id='word_1_182' title='bbox 900 2583 961 2640; x_wconf 90' lang='lat' dir='ltr'><strong>De-</strong></span> 
     </span>
     <span class='ocr_line' id='line_1_27' title="bbox 20 2669 960 2750; baseline 0.012 -28"><span class='ocrx_word' id='word_1_183' title='bbox 20 2669 83 2726; x_wconf 90' lang='lat' dir='ltr'><strong>crcto</strong></span> <span class='ocrx_word' id='word_1_184' title='bbox 101 2671 195 2731; x_wconf 89' lang='lat' dir='ltr'><strong>istius</strong></span> <span class='ocrx_word' id='word_1_185' title='bbox 216 2671 413 2745; x_wconf 83' lang='lat' dir='ltr'><strong>Conventus3</strong></span> <span class='ocrx_word' id='word_1_186' title='bbox 438 2672 653 2745; x_wconf 90' lang='lat' dir='ltr'><strong>nihilomiuus,</strong></span> <span class='ocrx_word' id='word_1_187' title='bbox 669 2673 742 2750; x_wconf 90' lang='lat' dir='ltr'><strong>quia</strong></span> <span class='ocrx_word' id='word_1_188' title='bbox 756 2674 787 2732; x_wconf 91' lang='lat' dir='ltr'><strong>in</strong></span> <span class='ocrx_word' id='word_1_189' title='bbox 800 2691 866 2732; x_wconf 91' lang='lat' dir='ltr'><strong>eam</strong></span> <span class='ocrx_word' id='word_1_190' title='bbox 882 2676 960 2733; x_wconf 88' lang='lat' dir='ltr'><strong>tem-</strong></span> 
     </span>
     <span class='ocr_line' id='line_1_28' title="bbox 17 2764 959 2839; baseline 0.008 -21"><span class='ocrx_word' id='word_1_191' title='bbox 17 2775 104 2834; x_wconf 86' lang='lat' dir='ltr'><strong>porum</strong></span> <span class='ocrx_word' id='word_1_192' title='bbox 125 2764 341 2824; x_wconf 91' lang='lat' dir='ltr'><strong>calamitosam</strong></span> <span class='ocrx_word' id='word_1_193' title='bbox 361 2765 569 2825; x_wconf 90' lang='lat' dir='ltr'><strong>conditionem</strong></span> <span class='ocrx_word' id='word_1_194' title='bbox 592 2766 785 2839; x_wconf 87' lang='lat' dir='ltr'><strong>devenimus,</strong></span> <span class='ocrx_word' id='word_1_195' title='bbox 809 2770 845 2826; x_wconf 92' lang='lat' dir='ltr'><strong>ut</strong></span> <span class='ocrx_word' id='word_1_196' title='bbox 862 2765 959 2826; x_wconf 91' lang='lat' dir='ltr'><strong>etiam</strong></span> 
     </span>
     <span class='ocr_line' id='line_1_29' title="bbox 15 2851 958 2936; baseline 0.007 -24"><span class='ocrx_word' id='word_1_197' title='bbox 15 2851 60 2922; x_wconf 90' lang='lat' dir='ltr'><strong>his,</strong></span> <span class='ocrx_word' id='word_1_198' title='bbox 74 2857 123 2933; x_wconf 93' lang='lat' dir='ltr'><strong>qui</strong></span> <span class='ocrx_word' id='word_1_199' title='bbox 137 2857 197 2917; x_wconf 90' lang='lat' dir='ltr'><strong>sibi</strong></span> <span class='ocrx_word' id='word_1_200' title='bbox 212 2860 299 2918; x_wconf 90' lang='lat' dir='ltr'><strong>stare</strong></span> <span class='ocrx_word' id='word_1_201' title='bbox 320 2858 352 2917; x_wconf 89' lang='lat' dir='ltr'><strong>in</strong></span> <span class='ocrx_word' id='word_1_202' title='bbox 375 2859 505 2921; x_wconf 90' lang='lat' dir='ltr'><strong>Domino</strong></span> <span class='ocrx_word' id='word_1_203' title='bbox 527 2859 688 2931; x_wconf 88' lang='lat' dir='ltr'><strong>videntur,</strong></span> <span class='ocrx_word' id='word_1_204' title='bbox 705 2858 810 2920; x_wconf 90' lang='lat' dir='ltr'><strong>omnia</strong></span> <span class='ocrx_word' id='word_1_205' title='bbox 823 2859 958 2936; x_wconf 88' lang='lat' dir='ltr'><strong>diligen-</strong></span> 
     </span>
     <span class='ocr_line' id='line_1_30' title="bbox 17 2945 958 3031; baseline 0.014 -30"><span class='ocrx_word' id='word_1_206' title='bbox 17 2945 55 3003; x_wconf 83' lang='lat' dir='ltr'><strong>ter</strong></span> <span class='ocrx_word' id='word_1_207' title='bbox 71 2953 279 3026; x_wconf 89' lang='lat' dir='ltr'><strong>praecavenda</strong></span> <span class='ocrx_word' id='word_1_208' title='bbox 300 2952 376 3025; x_wconf 80' lang='lat' dir='ltr'><strong>siut3</strong></span> <span class='ocrx_word' id='word_1_209' title='bbox 398 2953 468 3012; x_wconf 88' lang='lat' dir='ltr'><strong>ideo</strong></span> <span class='ocrx_word' id='word_1_210' title='bbox 490 2970 547 3031; x_wconf 93' lang='lat' dir='ltr'><strong>pro</strong></span> <span class='ocrx_word' id='word_1_211' title='bbox 570 2953 731 3012; x_wconf 91' lang='lat' dir='ltr'><strong>commisso</strong></span> <span class='ocrx_word' id='word_1_212' title='bbox 752 2953 861 3024; x_wconf 91' lang='lat' dir='ltr'><strong>Nobis,</strong></span> <span class='ocrx_word' id='word_1_213' title='bbox 881 2953 958 3014; x_wconf 90' lang='lat' dir='ltr'><strong>licet</strong></span> 
     </span>
     <span class='ocr_line' id='line_1_31' title="bbox 17 3037 959 3123; baseline 0.012 -28"><span class='ocrx_word' id='word_1_214' title='bbox 17 3037 69 3099; x_wconf 84' lang='lat' dir='ltr'><strong>sino</strong></span> <span class='ocrx_word' id='word_1_215' title='bbox 86 3044 147 3104; x_wconf 93' lang='lat' dir='ltr'><strong>ullo</strong></span> <span class='ocrx_word' id='word_1_216' title='bbox 168 3045 283 3104; x_wconf 90' lang='lat' dir='ltr'><strong>merito</strong></span> <span class='ocrx_word' id='word_1_217' title='bbox 303 3046 441 3122; x_wconf 89' lang='lat' dir='ltr'><strong>Nostro,</strong></span> <span class='ocrx_word' id='word_1_218' title='bbox 466 3063 559 3106; x_wconf 90' lang='lat' dir='ltr'><strong>curae</strong></span> <span class='ocrx_word' id='word_1_219' title='bbox 582 3046 751 3123; x_wconf 89' lang='lat' dir='ltr'><strong>pastoralis</strong></span> <span class='ocrx_word' id='word_1_220' title='bbox 773 3046 884 3120; x_wconf 90' lang='lat' dir='ltr'><strong>officio,</strong></span> <span class='ocrx_word' id='word_1_221' title='bbox 905 3049 959 3108; x_wconf 87' lang='lat' dir='ltr'><strong>Di·</strong></span> 
     </span>
     <span class='ocr_line' id='line_1_32' title="bbox 13 3127 957 3216; baseline 0.013 -27"><span class='ocrx_word' id='word_1_222' title='bbox 13 3127 145 3196; x_wconf 87' lang='lat' dir='ltr'><strong>lectiones</strong></span> <span class='ocrx_word' id='word_1_223' title='bbox 166 3138 315 3209; x_wconf 86' lang='lat' dir='ltr'><strong>Vestras,</strong></span> <span class='ocrx_word' id='word_1_224' title='bbox 338 3155 461 3198; x_wconf 88' lang='lat' dir='ltr'><strong>summa</strong></span> <span class='ocrx_word' id='word_1_225' title='bbox 482 3157 543 3215; x_wconf 89' lang='lat' dir='ltr'><strong>qua</strong></span> <span class='ocrx_word' id='word_1_226' title='bbox 563 3156 724 3216; x_wconf 89' lang='lat' dir='ltr'><strong>possumus</strong></span> <span class='ocrx_word' id='word_1_227' title='bbox 746 3141 957 3214; x_wconf 88' lang='lat' dir='ltr'><strong>contentione,</strong></span> 
     </span>
    </p>
   </div>
   <div class='ocr_carea' id='block_1_4' title="bbox 15 3303 956 3588">
    <p class='ocr_par' dir='ltr' id='par_1_5' title="bbox 15 3303 954 3437">
     <span class='ocr_line' id='line_1_33' title="bbox 64 3303 954 3366; baseline 0.006 -18"><span class='ocrx_word' id='word_1_228' title='bbox 64 3305 99 3358; x_wconf 81' lang='lat'><strong>(1)</strong></span> <span class='ocrx_word' id='word_1_229' title='bbox 117 3303 207 3362; x_wconf 82' lang='lat' dir='ltr'><strong>Sulpic.</strong></span> <span class='ocrx_word' id='word_1_230' title='bbox 219 3306 305 3352; x_wconf 86' lang='lat' dir='ltr'><strong>Saver.</strong></span> <span class='ocrx_word' id='word_1_231' title='bbox 322 3304 420 3351; x_wconf 82' lang='lat' dir='ltr'><strong>Hister.</strong></span> <span class='ocrx_word' id='word_1_232' title='bbox 432 3317 507 3352; x_wconf 86' lang='lat' dir='ltr'><strong>sacra</strong></span> <span class='ocrx_word' id='word_1_233' title='bbox 516 3305 561 3352; x_wconf 90' lang='lat' dir='ltr'><strong>lib.</strong></span> <span class='ocrx_word' id='word_1_234' title='bbox 574 3307 607 3362; x_wconf 95' lang='lat' dir='ltr'><strong>II,</strong></span> <span class='ocrx_word' id='word_1_235' title='bbox 620 3318 676 3365; x_wconf 88' lang='lat' dir='ltr'><strong>cap.</strong></span> <span class='ocrx_word' id='word_1_236' title='bbox 688 3307 764 3363; x_wconf 84' lang='lat' dir='ltr'><strong>XLV,</strong></span> <span class='ocrx_word' id='word_1_237' title='bbox 776 3306 874 3362; x_wconf 81' lang='lat' dir='ltr'><strong>tomil,</strong></span> <span class='ocrx_word' id='word_1_238' title='bbox 886 3319 954 3366; x_wconf 89' lang='lat' dir='ltr'><strong>oper.</strong></span> 
     </span>
     <span class='ocr_line' id='line_1_34' title="bbox 15 3381 313 3437; baseline 0.02 -13"><span class='ocrx_word' id='word_1_239' title='bbox 15 3388 60 3436; x_wconf 80' lang='lat' dir='ltr'><strong>pag.</strong></span> <span class='ocrx_word' id='word_1_240' title='bbox 70 3382 124 3437; x_wconf 76' lang='lat'><strong>245,</strong></span> <span class='ocrx_word' id='word_1_241' title='bbox 134 3381 193 3428; x_wconf 82' lang='lat' dir='ltr'><strong>edit.</strong></span> <span class='ocrx_word' id='word_1_242' title='bbox 204 3384 313 3432; x_wconf 82' lang='lat' dir='ltr'><strong>Macrin.</strong></span> 
     </span>
    </p>

    <p class='ocr_par' dir='ltr' id='par_1_6' title="bbox 15 3458 956 3588">
     <span class='ocr_line' id='line_1_35' title="bbox 64 3458 956 3519; baseline 0.006 -18"><span class='ocrx_word' id='word_1_243' title='bbox 64 3458 98 3510; x_wconf 75' lang='lat' dir='ltr'><strong>ci)</strong></span> <span class='ocrx_word' id='word_1_244' title='bbox 113 3458 189 3515; x_wconf 86' lang='lat' dir='ltr'><strong>Epist.</strong></span> <span class='ocrx_word' id='word_1_245' title='bbox 207 3459 240 3506; x_wconf 73' lang='lat' dir='ltr'><strong>aa</strong></span> <span class='ocrx_word' id='word_1_246' title='bbox 255 3459 340 3518; x_wconf 81' lang='lat' dir='ltr'><strong>Episc.</strong></span> <span class='ocrx_word' id='word_1_247' title='bbox 353 3458 472 3518; x_wconf 85' lang='lat' dir='ltr'><strong>Illyricos</strong></span> <span class='ocrx_word' id='word_1_248' title='bbox 482 3459 561 3518; x_wconf 84' lang='lat' dir='ltr'><strong>Epist.</strong></span> <span class='ocrx_word' id='word_1_249' title='bbox 574 3461 621 3516; x_wconf 90' lang='lat'><strong>111,</strong></span> <span class='ocrx_word' id='word_1_250' title='bbox 633 3472 703 3507; x_wconf 88' lang='lat' dir='ltr'><strong>uum.</strong></span> <span class='ocrx_word' id='word_1_251' title='bbox 712 3462 735 3517; x_wconf 75' lang='lat'><strong>2,</strong></span> <span class='ocrx_word' id='word_1_252' title='bbox 748 3459 815 3519; x_wconf 80' lang='lat' dir='ltr'><strong>apud</strong></span> <span class='ocrx_word' id='word_1_253' title='bbox 825 3462 956 3508; x_wconf 82' lang='lat' dir='ltr'><strong>coustant.</strong></span> 
     </span>
     <span class='ocr_line' id='line_1_36' title="bbox 15 3531 217 3588; baseline 0.02 -12"><span class='ocrx_word' id='word_1_254' title='bbox 15 3539 62 3588; x_wconf 77' lang='lat' dir='ltr'><strong>pag.</strong></span> <span class='ocrx_word' id='word_1_255' title='bbox 73 3531 119 3578; x_wconf 69' lang='lat'><strong>482</strong></span> <span class='ocrx_word' id='word_1_256' title='bbox 128 3533 152 3578; x_wconf 87' lang='lat' dir='ltr'><strong>at</strong></span> <span class='ocrx_word' id='word_1_257' title='bbox 164 3535 217 3582; x_wconf 79' lang='lat'><strong>486.</strong></span> 
     </span>
    </p>
   </div>
   <div class='ocr_carea' id='block_1_5' title="bbox 0 0 1198 4194">
    <p class='ocr_par' dir='ltr' id='par_1_7' title="bbox 0 0 1198 4194">
     <span class='ocr_line' id='line_1_37' title="bbox 0 0 1198 4194; baseline 0 0"><span class='ocrx_word' id='word_1_258' title='bbox 0 0 1198 4194; x_wconf 95' lang='lat' dir='ltr'><strong> </strong></span> 
     </span>
    </p>
   </div>
  </div>
 </body>
</html>
