2492 4202
445 222 624 282 -339-

39 330 260 406 exponendam
282 328 379 390 Nobis
401 329 582 406 aggrederis
602 331 844 405 absurditatem,
862 337 895 393 et
910 332 1015 394 maxi·

43 441 131 482 mum
153 422 296 482 scandali
317 439 426 500 genus,
443 425 521 499 quod
538 442 597 483 non
613 430 699 486 tuam
721 427 886 487 dioecesim
910 430 1012 504 modo,

45 521 97 578 sed
120 517 201 576 alias
223 515 320 576 etiam
336 517 512 576 Galliarum
527 519 618 596 regni
640 519 793 580 dioeceses
811 522 1012 598 pervaderet,

45 613 71 670 si
92 612 133 671 ad
156 610 318 687 Capitula,
340 613 374 670 et
392 612 433 671 ad
455 613 674 688 parochiarum
695 614 836 692 regimen
852 616 875 674 ii
891 616 1013 694 conspi-

42 707 199 764 cerentur
221 703 349 780 regredi
370 705 582 766 Ecclesiastici
604 707 679 780 viri,
702 710 756 784 qui
778 710 914 769 absoluti
939 709 1015 770 fuis·

44 799 129 869 sent,
153 803 286 873 propter
307 797 534 873 poenitentiam
557 799 689 859 fortasse
718 801 821 861 minus
848 819 956 862 veram
978 820 1014 862 ac

44 891 243 962 simulatam,
267 908 327 966 qua
348 907 471 951 necesse
493 891 617 968 quidem
639 895 699 966 est,
724 897 759 952 ut
779 894 924 970 Episcopi
938 913 1013 954 con·

43 985 129 1046 tenti
152 1002 221 1044 esse
245 983 396 1056 debeant3
422 1002 499 1042 unus
522 985 605 1045 enim
621 988 702 1046 Deus
725 986 868 1046 intuetur
883 1005 947 1061 cor3
964 989 1014 1048 illi

43 1096 157 1154 nempe
180 1074 420 1149 Ecclesiastici,
444 1077 497 1153 qni
518 1095 640 1154 semper
667 1079 780 1139 iisdem
801 1084 895 1140 erunt
917 1082 1015 1158 suspi-

41 1173 190 1230 cionibus
206 1168 342 1240 obnoxii,
359 1169 410 1245 qui
427 1187 548 1246 semper
562 1172 699 1248 prompti
714 1175 809 1234 erunt
822 1171 932 1232 iisdem
947 1177 1016 1234 tur-

42 1265 90 1325 bis
114 1263 249 1335 ciendis,
273 1263 416 1338 quemvis
436 1280 486 1322 res
509 1281 615 1323 omnes
635 1268 674 1326 ad
696 1283 785 1326 suum
810 1266 950 1326 ordinem
965 1285 1015 1327 re-

42 1360 233 1428 vertantur,
256 1360 290 1415 et
311 1356 364 1431 qui
385 1357 517 1432 denique
543 1357 665 1417 cunctis
686 1359 845 1420 Ecclesiae
872 1359 1013 1420 censuris

41 1471 74 1512 se
86 1448 299 1520 subiecerint,
312 1452 345 1508 et
356 1450 533 1510 contumaci
546 1449 648 1510 animo
661 1452 927 1528 exspectaverint,
940 1454 1013 1513 dum

42 1549 130 1617 Nos,
156 1544 237 1620 quod
260 1541 373 1601 minati
403 1541 465 1600 iam
492 1542 629 1616 luimus,
650 1545 862 1605 anathematis
883 1546 1013 1606 fulmine

43 1658 97 1700 eos
128 1636 384 1714 percelleremus.
416 1637 491 1694 Post
518 1636 593 1694 haec
621 1638 745 1712 quaeris
778 1637 892 1697 ultimo
920 1640 1012 1713 loco,

43 1739 153 1793 utrum
176 1729 323 1805 expediat
343 1729 520 1789 huiusmodi
535 1730 685 1804 intrusos,
702 1730 754 1806 qui
776 1735 849 1792 ante
864 1732 1013 1793 intrusio·

43 1843 115 1885 nem
132 1823 277 1900 legitime
291 1821 449 1882 beneficiis
461 1825 494 1880 et
512 1822 668 1899 parochiis
690 1822 894 1898 fruebantur,
915 1826 966 1884 ubi
979 1843 1012 1886 ee

41 1916 206 1996 Episcopis
228 1915 360 1986 sistent,
384 1919 421 1975 ut
434 1933 454 1974 a
467 1915 607 1974 censuris
623 1915 800 1988 solvantur,
817 1920 934 1990 utrum,
952 1918 1014 1976 sci-

43 2014 135 2086 licet,
150 2008 299 2085 expediat
312 2025 365 2066 eos
379 2009 551 2085 praedietis
566 2009 654 2068 exsui
670 2009 840 2083 benefieiis,
855 2013 929 2069 tunc
943 2027 1013 2070 cum

42 2107 74 2164 in
98 2104 239 2182 gratiam
263 2101 421 2162 Ecclesiae
442 2103 669 2176 conciliantur,
692 2106 725 2162 et
746 2109 852 2164 utrum
874 2104 1012 2181 privatio

42 2195 234 2267 huiusmodi,
258 2213 336 2271 quae
358 2199 461 2271 potest
483 2214 552 2255 eum
577 2196 772 2256 absolutione
797 2216 862 2258 esse
884 2197 1013 2257 coniun-

41 2297 107 2364 cta,
130 2288 211 2348 ferri
233 2291 266 2347 et
287 2287 489 2364 pronunciari
511 2289 622 2348 debeat
642 2290 796 2365 peculiari
818 2293 950 2368 quodam
966 2291 1013 2351 iu·

42 2384 151 2458 dicio,
173 2381 340 2454 secundum
362 2381 441 2441 iuris
469 2400 633 2442 censuram
665 2383 809 2460 superius
839 2384 1009 2446 traditam:

41 2497 62 2540 s
77 2495 142 2536 non
170 2479 245 2534 sunt
266 2493 333 2552 ipso
354 2475 423 2534 iure
445 2475 577 2551 privati,
602 2477 654 2534 sed
676 2480 800 2537 tantum
822 2478 1011 2553 privandi.»

103 2573 283 2645 Antequam
310 2571 347 2628 de
369 2567 493 2628 ratione
515 2569 664 2629 iudicium
684 2570 840 2643 ieramus,
863 2589 941 2647 quae
965 2571 1013 2629 in-

42 2665 148 2724 eunda
168 2680 235 2721 esse
256 2661 456 2738 proponitur,
479 2667 606 2739 oportet
620 2663 727 2723 sedula
741 2662 1012 2722 animadversione

43 2755 198 2835 perpendi
221 2773 312 2828 eam,
345 2772 437 2832 quem
469 2754 582 2827 affers,
613 2756 1012 2827 absurditatem-attenta

43 2849 254 2911 consideratis
274 2849 414 2926 personis
440 2847 647 2921 intrusorum,
670 2849 723 2926 qui
749 2849 895 2909 canonico
917 2849 1011 2909 titulo

42 2944 109 3004 frui
133 2947 263 3020 possunt
278 2942 434 3002 benefieiis
456 2944 489 3002 et
503 2943 599 3002 etiam
616 2943 783 3020 parochiis,
799 2948 832 3003 et
852 2943 937 3003 iusto
952 2943 1012 3004 dis·

42 3037 180 3098 crimine
208 3036 318 3096 habito
350 3036 434 3095 inter
456 3035 572 3096 dociles
598 3039 632 3095 et
655 3036 832 3113 pervicaces
860 3037 1009 3096 intrusos.

44 3133 80 3192 Si
102 3134 140 3190 de
162 3129 304 3207 personis
326 3115 426 3188 sermo
448 3128 650 3202 instituatur,
674 3148 733 3188 non
748 3129 807 3189 elii
827 3128 945 3189 intrusi
965 3129 1013 3188 ia-

42 3230 137 3286 ctare
159 3227 288 3301 possunt
303 3223 483 3283 canonicum
506 3222 650 3297 titulum,
671 3241 763 3300 super
784 3224 940 3284 benefieiis
961 3241 1012 3301 ge·

46 3321 133 3381 neris
153 3319 383 3396 cuiuscumque,
407 3337 498 3396 quam
519 3319 573 3396 qui
594 3319 736 3396 legitime
760 3319 897 3378 ordinati
925 3322 1012 3394 sunt,

44 3414 149 3474 veluti
170 3417 206 3473 tu
220 3413 287 3491 ipse
301 3412 446 3486 affirmas,
463 3417 628 3490 antequam
643 3415 792 3473 ederetur
806 3413 911 3476 civilis
926 3413 1013 3476 Cleri

43 3507 255 3581 constitutio,
277 3506 391 3585 quique
411 3507 556 3567 canonice
577 3507 662 3568 aucti
683 3511 757 3568 sunt
783 3511 856 3568 ante
878 3508 1014 3568 schisma.

893 3600 910 3635 tr
