2456 4192
243 335 335 396 quam
355 316 447 377 brevi
468 319 610 393 tempore
630 314 834 393 perdurarint
854 313 1049 375 variationes
1063 287 1082 371 a
1095 313 1193 372 Roma-

244 413 293 473 nis
315 410 518 471 Pontificibus
539 427 579 469 ex
594 409 803 488 indulgentia,
818 407 963 486 quamvis
977 423 1064 480 raro,
1081 405 1194 484 permis

243 523 307 566 sae.
323 507 368 565 Ac
389 502 528 581 proiecto
549 521 637 564 sacra
658 502 801 564 Ooncilia
815 499 960 580 pluribus
975 499 1007 559 in
1022 499 1142 560 casibus
1162 499 1196 558 di·

243 596 395 675 sciplinae
417 595 590 657 violatores
603 597 642 656 ab
653 595 812 656 Ecclesiae
835 595 1055 655 communione
1070 611 1126 672 per
1139 613 1197 655 ana·

244 692 353 752 thema
375 695 571 768 separarunt.
599 689 853 769 Quandoquidem
883 691 914 750 in
946 689 1089 752 concilio
1114 690 1196 750 'l'rul-

243 785 317 844 lano
332 781 377 864 (l)
398 783 520 845 inflicta
540 783 604 846 fuit
623 783 958 845 excommunicationis
980 801 1081 862 poena
1093 782 1142 857 iis,
1155 781 1196 860 qul

244 879 466 940 suffocatorum
487 878 671 940 animalium
699 879 884 958 sanguinem
912 878 1118 938 comederint.
1143 875 1195 937 <Si

245 989 264 1032 a
278 971 348 1049 quis
359 971 503 1050 deinceps
514 973 697 1034 animalium
713 973 896 1052 sanguinem
908 971 1021 1050 quovis
1033 971 1123 1031 modo
1133 987 1196 1029 com·

246 1067 373 1126 »edere
400 1065 627 1143 aggrediatur,
651 1067 677 1126 si
706 1067 750 1127 sit
777 1066 902 1144 quidem
930 1064 1096 1139 Clericus,
1124 1064 1196 1138 depo

247 1163 388 1232 anatur,
411 1159 438 1218 si
459 1161 564 1219 autem
586 1161 701 1234 laicus,
725 1164 958 1239 segregetur.»
979 1158 1094 1220 Multis
1114 1157 1143 1216 in
1161 1155 1193 1214 lo·

244 1252 501 1313 cis‘Tridentina
523 1253 670 1332 synodus
698 1254 897 1316 anathemati
919 1251 1050 1314 subiicit
1071 1249 1192 1312 ecclesia

246 1346 343 1406 sticae
363 1345 546 1423 disciplinae
560 1347 814 1426 impugnatores.
830 1349 911 1410 Nam
925 1348 1002 1410 Gan.
1019 1347 1049 1408 9.
1069 1343 1149 1406 Sese.
1158 1341 1189 1402 13.

246 1441 284 1499 de
305 1439 528 1515 Eucharistia,
550 1441 671 1519 infligit
700 1459 829 1519 poenam
852 1440 1066 1501 anathematis
1087 1439 1137 1500 illi
1156 1433 1187 1512 qui

246 1551 265 1592 e
280 1531 446 1609 negaverit
466 1550 572 1593 omnes
585 1535 619 1594 et
634 1533 776 1611 singulos
791 1535 909 1596 Ohristi
924 1532 1034 1594 fideles
1049 1531 1190 1605 utriusque

247 1641 385 1698 scenos,
407 1642 478 1685 cum
492 1627 530 1685 ad
544 1643 641 1686 annos
652 1627 859 1688 discretionis
875 1626 1096 1705 pervenerint,
1112 1618 1191 1685 tecet

246 1717 413 1795 »singulis
433 1718 535 1793 annis,
558 1720 670 1780 saltem
692 1720 724 1780 in
746 1721 911 1795 Paschat0,
927 1722 963 1782 ad
987 1717 1192 1780 communican-

247 1812 378 1886 adum,
400 1811 492 1874 iuxta
518 1817 721 1892 praeceptum
751 1815 784 1874 S.
808 1814 923 1874 Matris
951 1813 1152 1874 Ecclesiae.»
1168 1807 1191 1866 ln

247 1904 323 1966 Gan.
342 1907 372 1965 7.
389 1905 473 1965 Sess.
489 1907 540 1968 22.
558 1907 596 1965 de
617 1907 779 1968 Sacrificio
793 1908 922 1982 Missae,
938 1907 1127 1985 supponitur
1139 1917 1192 1963 aus·

248 1997 395 2084 themati,
412 1998 464 2075 qui
485 1998 605 2060 diceret
626 2000 883 2074 «caeremonias,
906 2003 1013 2060 vestes
1028 2004 1063 2059 et
1083 1995 1200 2060 exuunt}

247 2091 383 2168 asigna,
399 2091 509 2167 quibus
531 2092 563 2150 in
585 2093 753 2154 Missarum
774 2091 985 2154 celebratione
1002 2089 1142 2152 Ecclesia
1153 2087 1192 2146 da

248 2184 399 2246 »thelica
428 2185 558 2260 utitur,
587 2186 761 2250 irritabula
788 2185 965 2265 impietatis
993 2205 1084 2261 esse,
1113 2178 1189 2257 magis

247 2295 373 2356 »qnam
395 2277 494 2339 officia
514 2280 654 2357 pietatis.
672 2298 691 2340 s
712 2284 747 2342 In
762 2282 837 2342 Gan.
854 2283 885 2343 9.
902 2280 984 2340 Sess.
1002 2281 1122 2350 eadem,
1136 2276 1190 2334 iun

249 2371 443 2433 anathemati
458 2372 614 2444 subiectus
628 2378 689 2448 ost,
705 2374 758 2452 qui
773 2377 934 2434 assereret
948 2393 966 2437 e
979 2374 1136 2435 Ecclesiae
1149 2371 1199 2449 lici

249 2482 390 2526 »manae
412 2465 532 2538 ritum,
553 2483 613 2543 quo
635 2467 789 2527 submissa
812 2485 887 2528 voce
909 2485 982 2546 pars
1002 2467 1153 2536 (iunonis,
1169 2459 1190 2516 ei

250 2557 381 2618 »verba
401 2558 646 2620 consecrationis
666 2543 885 2637 proteruntur,
901 2561 1112 2621 damnandum
1133 2568 1189 2620 esst

248 2670 267 2712 a
282 2652 459 2730 autlingua
473 2653 597 2712 tantum
612 2652 740 2730 vulgari
750 2652 878 2716 Missam
893 2653 1049 2713 celebrari
1060 2653 1190 2712 debere.»

249 2747 285 2805 In
300 2746 376 2807 Gan.
393 2749 424 2807 4.
440 2747 524 2806 Sess.
540 2748 592 2808 24.
615 2747 653 2805 de
675 2746 879 2808 Sacramento
901 2745 1120 2820 matrimonii,
1139 2753 1198 2832 ane-p

249 2841 390 2901 themate
410 2840 594 2918 plectuntur
613 2839 677 2914 illi,
693 2839 747 2916 qui
769 2841 911 2901 dicerent
931 2859 949 2902 e
967 2839 1136 2902 Ecclesiam
1148 2847 1189 2893 non

249 2931 421 3011 >potuisse
445 2931 638 2993 constituere
658 2931 884 3008 impedimenta
905 2931 1138 2992 matrimonium
1157 2921 1190 2983 di-

250 3025 445 3099 ›rimeutia,
468 3024 520 3086 vel
542 3024 574 3084 in
595 3023 822 3086 constituendis
844 3041 1013 3085 errasse.»
1035 3027 1070 3086 In
1092 3015 1188 3086 cant

250 3121 334 3182 Sese.
350 3121 384 3179 et
398 3119 451 3180 tit.
468 3119 539 3180 iisd.
552 3161 561 3192 ,
576 3117 687 3178 itidem
701 3117 734 3176 in
749 3118 917 3178 anathema
938 3117 1095 3192 incurrit,
1110 3115 1189 3176 dicens

251 3213 422 3276 «clericos
442 3213 474 3273 in
497 3211 594 3274 sacris
615 3209 785 3272 Ordinibus
805 3211 1020 3286 constitutos,
1041 3211 1093 3273 vel
1113 3211 1191 3281 Regi·

250 3308 368 3370 »lares
389 3307 570 3370 castitatem
591 3305 773 3368 solemniter
794 3306 962 3384 professos,
988 3324 1079 3384 posse
1100 3295 1190 3364 matri·

251 3403 422 3465 »monium
442 3401 651 3474 contrahere,
673 3402 931 3476 contractumque
957 3399 1098 3460 validum
1121 3407 1196 3492 esso,

314 3524 349 3578 (1)
367 3521 429 3572 can.
440 3522 479 3579 su,
490 3520 519 3569 m
535 3515 816 3577 cumanensem.
830 3517 959 3577 munau.
972 3505 1044 3566 rsus.
