2386 4194
609 256 648 270 ..
670 225 728 286 153
749 257 789 268 -

218 329 340 404 litano,
363 332 429 392 sive
459 331 624 411 episcopo,
651 333 812 406 ordinem,
839 351 894 392 seu
920 333 1152 392 consecrationem

218 422 424 500 episcopalem
446 426 603 504 suscipere
624 427 773 500 audeant,
789 443 882 504 quam
897 423 973 502 ipsis
989 426 1154 502 pseudo-epi·

219 515 338 593 scopis,
362 534 530 596 eorumque
558 518 721 598 sacrilegis
745 518 1037 591 consecratoribus,
1057 521 1087 577 et
1103 498 1170 577 sliisl

219 609 361 670 omnibus
382 612 633 690 archiepiscopis,
648 619 681 673 et
695 612 860 690 episcopis,
876 631 914 672 ne
927 613 1047 672 eosdem
1059 601 1170 670 frustrs'

219 701 335 764 electos
356 708 390 764 et
411 704 586 783 eligendos,
600 723 796 778 consecrare,
812 706 923 783 quovis
944 706 1001 765 sub
1016 708 1155 782 praetentu

220 799 253 856 et
271 797 384 869 colore,
401 803 614 876 praesumant:
630 798 860 877 praecipientes
874 799 1003 877 insuper
1015 798 1101 858 dietis
1111 797 1156 856 ele·

218 892 279 952 ctis
293 895 327 951 et
340 892 504 969 eligendis,
520 891 587 951 sive
603 892 636 951 in
651 892 820 969 episcopos,
836 893 903 952 sive
918 892 950 952 in
966 892 1117 970 parochos,
1130 908 1154 948 ns

220 985 285 1045 ullo
307 983 397 1044 modo
419 1003 452 1044 se
472 1002 529 1062 pro
550 983 811 1063 archiepiscopis,
834 985 902 1044 sive
927 985 1092 1063 episeopis,
1110 983 1155 1043 sire

218 1079 373 1156 parochis,
390 1096 443 1138 seu
459 1078 589 1139 vicariis
604 1083 728 1156 gerant,
744 1083 801 1138 aut
819 1079 957 1139 cuiusvis
978 1078 1153 1148 cathedralis,

219 1173 286 1233 sive
312 1171 500 1250 parochialis
527 1172 677 1232 ecclesiae
706 1172 803 1233 titulo
825 1189 857 1231 se
879 1173 1063 1246 nominent,
1085 1175 1113 1232 et
1130 1189 1153 1229 ns

219 1265 466 1326 iurisdictionem
490 1264 601 1340 ullam,
622 1283 738 1343 proque
759 1264 935 1326 animarum
957 1265 1106 1343 regimine
1121 1282 1153 1322 su·

218 1359 422 1430 ctoritatem,
450 1357 695 1436 facultatemque
723 1359 783 1420 sibi
806 1365 978 1436 arrogent,
1002 1361 1058 1419 sut
1079 1373 1149 1435 poeta

219 1454 439 1528 suspensionis
459 1460 490 1512 et
509 1455 689 1523 cellicolis,
714 1471 733 1513 a
753 1470 815 1529 qua
834 1451 958 1529 quidem
973 1448 1149 1530 suspensionis
1172 1454 1173 1530 l

220 1562 319 1621 poena
345 1563 436 1604 nemo
456 1563 496 1605 ex
517 1545 668 1607 hactenus
698 1545 866 1606 nominatis
892 1545 1015 1622 poterit
1042 1559 1153 1621 umqunn

219 1638 364 1710 liberari,
380 1637 439 1697 nisi
463 1655 519 1715 per
532 1640 598 1700 Nos
618 1637 713 1716 ipsos,
732 1642 789 1698 aut
809 1655 865 1715 per
885 1657 949 1712 eos,
964 1656 1043 1715 quos
1062 1641 1155 1716 aposto

219 1731 281 1792 lica
302 1732 397 1792 Sedes
419 1731 587 1810 delegarit.

279 1828 346 1894 Qua
367 1826 479 1887 maiori
501 1827 549 1887 uti
570 1827 666 1888 Nobis
688 1827 782 1887 licuit
806 1827 1023 1903 benignitate,
1047 1825 1155 1886 deelara-

218 1920 321 1979 vimus
347 1921 503 1996 hucusque
533 1920 696 1981 canonicas
724 1938 837 1998 poenas
862 1919 1025 1994 inflictas,
1049 1923 1083 1980 ut
1099 1915 1156 1976 mels

219 2016 369 2075 hactenus
390 2019 573 2092 perpetrata
597 2019 815 2090 emendentur,
839 2019 935 2092 utque
957 2015 990 2075 in
1013 2017 1154 2093 posterum,

219 2126 257 2167 ne
278 2109 375 2168 latius
398 2108 568 2181 dimanent,
590 2108 791 2186 impediatur.
808 2111 873 2172 Nos
894 2109 976 2168 enim
1000 2109 1033 2167 in
1054 2093 1175 2188 Dominol

218 2202 400 2262 confidimus
421 2201 575 2276 futurum,
592 2207 629 2264 ut
643 2205 873 2274 consecrantes,
889 2205 924 2262 ut
938 2206 1005 2262 tam
1022 2198 1155 2260 cathedre·

219 2293 297 2353 lium
325 2311 418 2370 quam
444 2294 672 2372 parochialium
707 2294 910 2356 ecclesiarum
936 2293 1110 2361 invasores,
1133 2296 1152 2345 ut

217 2390 363 2447 auctores
385 2387 586 2465 fautoresque
608 2405 714 2447 omnes
735 2387 916 2465 praedictae
937 2380 1155 2446 constitutionis

218 2498 308 2539 suum
337 2488 509 2559 agnoscant
543 2500 705 2553 errorem,
734 2499 770 2540 ac
797 2480 993 2559 poenitentia
1027 2477 1107 2539 ducti
1132 2472 1156 2532 ud

219 2573 304 2634 ovile
326 2575 567 2653 regrediantur,
591 2576 671 2636 unde
697 2593 755 2634 non
785 2573 849 2634 sine
876 2572 1121 2640 machinatione,
1137 2569 1157 2624 ei

218 2667 341 2728 insidiis
353 2668 458 2730 avulsi
469 2673 553 2730 sunt.
567 2671 628 2730 lios
640 2670 748 2746 itaque
758 2669 822 2730 Nos
835 2666 975 2745 paternis
987 2666 1092 2726 verbis
1101 2677 1156 2724 con·

219 2760 376 2837 pellentes
398 2763 563 2823 hortamur
584 2764 680 2824 etiam
703 2763 796 2838 atque
820 2761 915 2823 etiam
931 2766 965 2821 et
986 2760 1157 2820 obsecramus

218 2854 249 2912 in
262 2854 405 2928 Domino,
418 2857 454 2914 ut
468 2873 486 2914 a
500 2854 676 2916 ministerio
692 2873 724 2916 se
739 2854 896 2928 abdicent3
911 2856 979 2915 uta
993 2848 1156 2932 perditionis

220 2948 291 3020 via,
315 2948 346 3006 in
369 2966 460 3026 quam
484 2967 550 3010 sese
571 2950 725 3008 dederunt
744 2948 950 3026 praecipites,
974 2950 1080 3026 pedem
1099 2943 1157 3004 rete

219 3044 304 3115 rant3
329 3046 364 3103 ut
385 3059 551 3119 numquam
573 3042 787 3115 committant,
810 3060 867 3119 per
887 3041 1030 3104 homines
1049 3040 1158 3119 philoso-

218 3135 293 3211 phia
307 3135 424 3195 saeculi
446 3135 538 3196 huius
558 3136 707 3210 imbutos,
731 3154 768 3197 ea
788 3135 819 3194 in
843 3135 957 3213 vulgus
979 3134 1104 3196 diffundi
1123 3131 1158 3188 do

218 3227 393 3288 ctrinarum
416 3231 566 3300 monstra,
583 3246 662 3306 quae
678 3229 797 3290 christi
812 3228 1022 3301 institutioni,
1040 3223 1159 3289 traditio

218 3320 312 3398 nique
326 3322 468 3393 Petrum,
486 3325 518 3381 et
533 3320 692 3381 Ecclesiae
706 3320 827 3398 regulis
849 3323 1068 3383 adversantur.
1080 3321 1157 3387 Quen·

218 3414 393 3490 doquidem‚
417 3415 442 3474 si
464 3415 521 3475 det
541 3419 753 3500 umquam,ut
767 3416 886 3477 Noster
899 3415 951 3475 hic
966 3416 1054 3477 mitis
1068 3405 1156 3490 agendi

217 3509 343 3582 modus,
369 3511 401 3568 et
426 3509 560 3569 Nostrae
589 3511 738 3585 paternae
759 3508 966 3582 monitiones,
989 3509 1068 3587 quod
1091 3507 1153 3566 mn
