2492 4202
434 207 616 268 -319-

29 315 133 376 fuerit
156 315 270 374 modus
292 331 368 390 erga
388 313 595 385 Novatianos‚
618 315 691 375 dum
712 315 786 376 (Ian.
813 316 885 375 VIII
901 315 1005 376 indul-

29 412 159 480 serunt,
178 413 216 469 ut
237 411 268 469 si
287 409 420 485 quando
440 410 593 469 venerint
614 409 658 468 ad
678 407 876 481 Ecclesiam,
894 413 1004 470 clerici

31 505 65 562 ia
87 507 181 564 clero
203 509 482 580 permananter
501 504 616 578 isqui
636 505 829 564 nominatur
844 505 933 581 opud
954 521 1005 564 eos

30 599 217 672 episcopas,
235 595 387 654 honorem
407 595 608 670 Presbyterii
631 587 810 670 possideat,
832 600 900 657 nisi
920 600 1004 674 forte

27 691 204 766 placuerit
225 692 368 765 episcopo
389 691 535 747 neminis
564 703 637 750 eum
660 685 779 749 tencre
801 693 926 751 censeri
945 687 1001 769 (l);

31 785 215 844 voluerunt
237 787 354 854 tamen,
378 785 414 842 ut
433 784 556 842 anteire
579 781 728 843 deberent
750 785 890 844 certiora
910 798 1005 860 argu·
1040 771 1043 776 ¹

31 885 141 940 menta
163 876 286 937 eiurati
308 876 446 948 erroris,
462 877 599 953 adeoque
621 877 832 937 nonnullaab
854 877 894 937 iis
915 895 1005 954 prae-

31 974 149 1032 standa
171 988 242 1029 esse
263 970 483 1042 decreverunt3
500 969 621 1029 scilicet
642 971 762 1045 primo:
785 971 875 1031 Haec
895 981 1004 1031 aedem

29 1084 108 1141 prae
134 1065 290 1125 omnibus
317 1079 367 1122 eos
387 1065 517 1138 scriptis
547 1065 699 1122 mevenit
723 1065 891 1142 profiteri,
917 1065 1004 1140 qaod

33 1157 230 1219 Catholicae
240 1165 271 1216 et
283 1159 475 1232 apostolieae
485 1155 650 1218 Ecclesiae
660 1157 1004 1234 dopmotasascipiant

32 1260 60 1311 et
80 1257 296 1330 seqaaatar;
317 1250 525 1308 decreverunt
547 1249 693 1323 secundo,
711 1251 747 1308 ut
767 1248 863 1309 etiam
886 1248 918 1306 in
939 1264 1002 1320 eos,

32 1346 142 1422 quiin
169 1341 388 1420 persecutione
409 1342 548 1418 prolapsi
575 1346 673 1413 sunt,
696 1343 733 1401 ad
757 1341 928 1402 laciendum
952 1358 1004 1399 eo-

34 1460 100 1500 rum
127 1434 373 1520 resipiscentiae
399 1433 573 1511 pericnlum
588 1479 596 1507 ‚
613 1439 817 1496 servarentur
844 1443 875 1495 et
895 1436 1005 1511 spatia

34 1535 233 1601 constituta,
249 1538 281 1590 et
302 1537 445 1606 tempora
459 1529 598 1607 definita
620 1527 677 1607 (2),
693 1532 827 1606 quatuor
847 1527 898 1588 illi
919 1526 1005 1587 scili·

35 1631 81 1687 oet
103 1621 324 1702 poenitentiae
347 1623 473 1697 gradus,
495 1621 547 1698 qni
570 1621 661 1681 iuxta
681 1626 756 1681 tunc
778 1622 937 1699 vigentem
959 1619 1004 1679 di·

35 1720 204 1798 selplinam
227 1715 381 1776 debebant
402 1716 705 1788 reconciliationem,
722 1719 1004 1775 sacramentorum·

35 1833 91 1890 qne
114 1808 351 1885 susceptionem
373 1813 576 1869 antevertere
598 1809 655 1889 (3);
671 1813 704 1869 et
724 1811 933 1870 decreverunt
953 1809 1004 1868 de-

35 1908 140 1983 mque,
160 1908 199 1963 ut
220 1902 375 1962 Ecclesiae
396 1907 560 1980 occupatas
582 1905 781 1976 abdicarent,
803 1921 916 1979 easque
937 1903 1004 1980 epi-

36 1998 141 2076 scopis
165 1994 318 2072 legitimis
333 1994 542 2055 dimitterent.
560 1997 683 2058 EtenIm
705 1996 783 2056 illud
798 2001 920 2060 certum
941 1999 1001 2069 est,

36 2091 142 2152 veluti
167 2088 334 2147 memorati
348 2093 455 2165 patres
479 2090 640 2162 dixerunt,
662 2091 747 2167 qaod
761 2093 924 2167 episcopas
943 2090 1005 2150 Ec·

38 2188 156 2247 clasiae
179 2182 308 2242 babebit
327 2185 467 2259 episcopi
487 2182 684 2260 dipnitatem
688 2227 786 2244 .....
813 2201 855 2244 ae
873 2186 913 2246 ,ia
934 2202 1005 2245 aaa

36 2281 177 2338 civitate
197 2276 261 2333 dac
282 2277 424 2352 episcopi
439 2278 618 2352 prodeatur
638 2279 791 2337 easistere
806 2275 862 2355 (4).

95 2372 179 2432 Gum
194 2368 295 2430 Rufus
306 2368 600 2429 Thessalonicensis
615 2369 775 2447 episcopus
787 2372 880 2432 buius
893 2371 1005 2433 Nicae-
1099 2425 1102 2430 .

36 2467 66 2524 ni
99 2461 231 2524 canonis
264 2463 296 2520 vi
317 2462 447 2522 clericos
476 2463 712 2523 anetinianis
740 2464 890 2541 episcopis
921 2466 1005 2525 crdi-

37 2564 130 2621 natos
152 2555 295 2632 recipere
317 2555 540 2632 relictaeque
562 2557 599 2615 de
620 2573 655 2614 re
677 2556 884 2616 consuluisset
904 2559 937 2618 S.
955 2560 1005 2617 In·

37 2650 222 2714 nocentium
242 2651 256 2709 I
267 2691 276 2722 ,
304 2649 465 2725 respondit
486 2648 654 2707 Pontifex:
680 2649 814 2708 Possem
839 2651 944 2711 dicere
965 2652 1003 2712 de

37 2748 118 2808 solis
131 2745 189 2803 lzoc
203 2742 400 2802 Necatianis
420 2757 484 2802 esse
495 2749 711 2817 praeceptam,
729 2757 787 2801 nec
801 2743 844 2801 ad
859 2745 1003 2803 aliarum

37 2841 210 2900 haeresum
221 2836 352 2895 clericos
360 2837 536 2910 pertinere.
546 2833 630 2894 Nam
642 2836 672 2893 si
682 2838 796 2912 atique
807 2837 846 2894 de
856 2839 1003 2898 omnibus

36 2937 90 2994 ita
112 2933 301 3010 definirent,
323 2931 490 2990 addiscent
509 2947 530 2989 a
543 2929 751 3001 Narrationis,
772 2932 915 3007 aliisque
929 2931 1004 2992 liat·
1035 2925 1037 2930 ’

37 3029 152 3088 reticio
164 3031 360 3084 revertentes
373 3024 483 3083 debere
505 3026 542 3082 ia
556 3041 650 3083 scam
664 3025 810 3084 ordinem
830 3027 933 3102 recipi
943 3025 1000 3104 (5).

104 3139 139 3192 (1)
149 3136 198 3184 (tlt.
210 3135 272 3183 tan.
283 3135 354 3182 VIII.
367 3132 434 3193 apud
442 3134 573 3182 Labbeum
582 3133 626 3182 ott.
638 3133 698 3182 edit.
710 3136 771 3182 tona
783 3137 817 3183 11.
826 3136 875 3183 ccl.
883 3137 938 3184 680.

105 3214 140 3266 (2)
156 3211 206 3258 cn.
218 3211 279 3258 can.
292 3211 363 3256 VIII.

105 3287 139 3342 (8)
157 3287 219 3334 can.
232 3286 276 3332 x1.
287 3283 400 3330 einsdem
416 3284 523 3332 concilii
533 3286 638 3332 ntemni
647 3287 668 3333 Ι.
679 3298 755 3344 penes
769 3287 898 3336 Labbeam
913 3288 941 3335 in
959 3288 1001 3335 cit.

40 3362 146 3412 conset.
158 3362 255 3408 novas.
268 3362 329 3406 tom.
341 3362 375 3406 11.
386 3360 434 3407 cci.
446 3361 501 3408 681.

104 3438 140 3492 (4)
158 3437 206 3485 cit.
219 3438 280 3484 Can.
293 3437 363 3483 VIII.

106 3515 140 3568 (5)
151 3513 199 3563 cit.
207 3512 287 3572 ltpist.
294 3513 374 3558 XXII.
383 3511 450 3572 apud
456 3512 586 3562 Labbeum
596 3513 638 3566 ott.
645 3513 707 3560 tom.
716 3517 764 3564 111.
772 3515 820 3568 col.
829 3517 898 3566 1061.
906 3515 1001 3565 namt.
