2364 4198
619 257 658 274 -
679 227 740 288 als
760 257 799 272 -
887 288 890 291 ,

192 342 197 348 “
228 332 261 392 in
274 331 469 409 exsequendo
482 331 675 394 conformari
689 333 834 394 valeatis
846 337 944 396 Deum
956 333 1102 412 Optimum
1114 335 1174 394 Ma·

107 431 109 436 ’
227 424 347 486 nimum
378 426 596 499 obsecramus,
618 431 656 487 ut
683 430 819 488 mentem
850 433 991 489 nostram
1020 429 1051 488 in
1073 432 1173 502 unm,

129 545 130 548 ¹
227 522 354 596 tamque
365 520 535 598 multiplici
549 521 775 582 deliberatione
785 525 977 597 versantem,
990 523 1038 582 sni
1049 523 1174 600 Spiritus

228 612 297 671 luce
312 612 496 689 perfundat,
512 631 547 673 ac
562 614 693 691 dirigat,
716 631 752 674 ac
773 614 898 674 tandem
911 614 1063 676 maximas
1075 616 1172 691 quibus

225 703 393 764 obruimur
412 722 600 780 aerumnas,
620 723 678 784 per
698 720 786 779 suam
813 705 1064 767 misericordiam
1081 707 1120 768 iis
1136 725 1175 768 so·

229 797 315 858 latur
336 799 539 876 successibus,
562 801 643 860 unde
665 818 735 860 cum
758 817 832 860 snas
854 801 975 878 gloriae
996 800 1174 861 incremento

228 891 445 953 sanctissimae
476 893 644 971 religionis
673 897 799 954 nostrae
827 892 997 971 integritas
1026 893 1174 971 proveniat

227 988 262 1045 et
282 985 497 1047 confirmetur.
520 989 565 1048 Ac
590 987 622 1046 in
652 988 797 1049 caelestis
825 988 975 1066 praesidii
1003 987 1172 1064 auspicium,

225 1079 434 1155 paternaeque
452 1079 691 1140 benevolentias
706 1079 739 1138 in
755 1098 812 1141 vos
825 1081 962 1142 Nostrae
975 1080 1102 1157 pignus,
1116 1097 1171 1156 apo·

227 1169 371 1230 stolicam
390 1170 638 1231 benedictionem
658 1167 760 1245 tobis,
775 1171 882 1232 dilecti
903 1171 975 1246 filii,
991 1177 1171 1249 peramanter

122 1325 126 1328 ,
226 1261 441 1339 impertimur.

288 1359 403 1417 uanum
424 1359 555 1430 nomae,
578 1358 628 1417 ue
649 1359 741 1419 xxx
761 1357 1050 1432 rummoooxui,
1063 1356 1164 1420 nonu

224 1451 318 1516 catus
338 1449 448 1512 Nostri
468 1451 560 1510 Anno
582 1451 684 1511 XVII.

640 1640 778 1698 LXVI.

417 1749 474 1810 EX
494 1751 721 1814 AUDIENTIA
742 1753 1003 1814 SANCTISSIMI

458 1915 586 1976 Habitu
606 1915 659 1978 dic
680 1915 726 2012 113
742 1917 827 1977 Iulii
848 1915 946 1976 1791.
990 1953 994 1964 «

286 2096 385 2164 Quum
407 2115 446 2156 ex
467 2101 558 2174 parte
578 2102 618 2162 R.
641 2102 679 2160 D.
694 2099 848 2160 Ludoviei
872 2099 998 2160 Ioannis
1019 2100 1169 2161 Gilardde

224 2187 420 2250 l'Archantel
442 2191 561 2252 Vicarii
590 2193 804 2271 capitularis,
827 2192 1023 2270 aliorumque
1048 2191 1170 2254 Vicario·

224 2298 297 2343 rum
312 2283 459 2344 dioecesis
470 2285 712 2364 corisopitensis
722 2286 899 2364 expositum
911 2285 1012 2346 fuerit
1023 2285 1122 2350 SSn‘io
1131 2290 1166 2348 br

224 2373 310 2436 minu
322 2376 439 2452 Nostro
453 2377 512 2437 Pio
526 2379 641 2440 Divina
653 2379 863 2440 Providentia
876 2381 940 2440 PP.
954 2381 1011 2454 VI,
1027 2385 1110 2459 quod
1121 2393 1162 2442 cut

152 2511 157 2526 .
223 2468 258 2528 in
280 2470 356 2543 hac,
378 2487 456 2546 quae
478 2489 559 2530 nunc
580 2473 796 2534 debacchatur·
810 2472 842 2532 in
863 2472 988 2545 Gallia,
1011 2470 1166 2534 schismatis

222 2563 357 2640 perfidia
377 2563 535 2625 Ecclesiae
555 2565 642 2642 leges
655 2570 689 2626 et
702 2565 784 2639 iura,
808 2570 842 2626 et
862 2565 938 2626 fides
954 2566 1074 2628 sinceri
1088 2569 1169 2628 cultu

223 2655 285 2720 uon
307 2657 397 2717 modo
419 2659 611 2735 transgredi,
627 2660 679 2720 sed
694 2659 798 2737 palam
819 2659 916 2720 etiam
937 2659 1169 2735 reprehendis

225 2750 399 2828 oppugnari
420 2751 606 2830 contingat,
629 2755 885 2829 quemadmodum
913 2752 1092 2814 Sanctitati
1110 2753 1168 2812 Sua

225 2843 287 2904 iem
302 2843 381 2904 satis
395 2846 502 2904 notum
524 2849 557 2904 et
579 2845 777 2920 exploratum
791 2848 858 2917 est3
881 2849 1077 2921 quapropter
1091 2841 1169 2905 enixis

224 2937 369 3013 precibus
383 2937 423 2997 ab
436 2937 544 2996 eodem
565 2933 663 2996 SSn'ro
681 2935 811 2998 Domino
830 2938 947 3000 Nostro
964 2937 1077 3013 plures
1093 2935 1169 2998 facul

224 3033 308 3091 tates
321 3031 526 3108 postularunt
539 3030 571 3090 in
587 3030 724 3092 eiusdem
742 3030 931 3107 praesertim
944 3029 1168 3108 Oorisopitensb

222 3123 382 3184 Ecclesiae
402 3122 560 3184 viduitate
583 3125 715 3200 propter
728 3121 847 3181 obitum
871 3121 1011 3199 legitimi
1028 3120 1166 3190 Pastoris,

91 3211 94 3216 ’
222 3217 318 3290 atque
332 3215 565 3293 occupationem
578 3213 732 3276 invasoris
746 3232 782 3276 ao
793 3214 971 3292 illegitimi,
983 3216 1098 3293 quibus
1113 3229 1167 3274 sans

223 3308 430 3369 facultatibus
454 3307 717 3370 christifidelium
741 3308 960 3386 spiritualibus
991 3305 1167 3370 necessitati·

224 3401 342 3475 bus,et
363 3401 517 3480 angustiis
537 3401 660 3464 consuli
680 3401 794 3480 possit:
810 3401 973 3464 Sanctitas
993 3403 1058 3464 Sua
1073 3405 1109 3463 ad
1122 3397 1165 3460 nsi

191 3529 195 3536 ·
223 3493 418 3572 infrascripti
433 3495 545 3556 Sacrae
560 3495 821 3574 Congregationis
836 3496 1095 3574 dePropagandu
1106 3493 1165 3556 lide
