2498 4200
53 334 97 410 qui
115 335 267 412 parochos
289 333 456 393 dumtaxat
476 332 616 394 intrusos
633 335 777 413 agnoscit
797 338 831 395 et
852 335 1001 411 sustinet,

54 428 146 488 fideles
166 431 320 488 vexatum
342 426 384 486 iii
406 427 610 504 prospiciunt.

14 515 16 550 ³
101 522 161 592 Has
188 520 294 597 igitur
326 521 524 597 quaestiones
546 518 706 581 Sanctitas
733 523 797 582 Sua
825 522 857 582 in
887 523 1006 584 selecta

14 639 15 642 ¹
54 613 255 676 (tardiualium
284 613 528 691 congregatione
556 632 661 674 coram
696 633 727 674 se
756 615 865 678 habita
886 617 937 676 dic
966 615 1004 676 18

54 708 176 784 Augusti
199 707 298 790 1791,
318 707 560 785 diligentissime
582 709 756 768 examinari
774 710 892 781 voluit,
908 714 1004 787 atque

53 801 156 861 auditis
177 800 377 878 singulorum
392 801 605 861 cardinalium
628 801 806 875 sententiis,
822 807 1001 880 sequentem

54 893 130 955 iussit
151 893 281 954 exarari
304 894 564 968 instructionem,
587 893 618 953 in
641 912 703 971 qua
724 896 891 972 descriptis
913 916 1007 972 quae·

54 989 207 1062 ottonibus,
225 994 262 1049 ut
283 992 375 1049 erant
389 990 428 1050 ab
441 989 594 1067 episcopis
607 990 795 1066 propositae,
811 991 1007 1067 praescribe-

54 1087 129 1144 retur
151 1081 248 1154 retio‚
264 1101 326 1160 qua
347 1082 456 1142 fideles
477 1085 570 1159 atque
586 1084 715 1160 parochi
737 1084 784 1142 uti
809 1083 959 1144 deberent
973 1084 1005 1142 in

54 1177 209 1254 baptismo,
225 1177 446 1250 matrimonio,
462 1175 624 1236 funeribus
645 1181 679 1237 et
700 1176 882 1254 sepulturis.

99 1271 210 1332 Prima
231 1289 310 1348 quae
330 1259 700 1348 proponitur'quaestio,
720 1274 770 1329 est
797 1273 834 1330 de
856 1273 1009 1347 baptismi

54 1364 335 1437 administratione,
351 1363 440 1424 cuius
460 1365 650 1442 quaestionis
664 1363 831 1425 difficultas
853 1366 923 1424 inde
945 1365 1009 1425 ori·

55 1467 107 1536 tur,
122 1461 220 1540 quod,
237 1461 263 1521 si
284 1460 393 1520 fideles
415 1479 433 1520 a
455 1460 600 1536 parochis
623 1461 795 1538 legitimis,
811 1463 933 1522 intruso
955 1481 1009 1541 pe·

58 1556 127 1616 nitus
149 1554 276 1627 omisso,
292 1553 505 1630 baptizentur,
518 1551 617 1613 omnis
639 1554 722 1614 ratio
738 1555 863 1627 deficit,
879 1575 939 1633 qua
955 1574 1007 1616 eo-

59 1669 114 1711 rnm
137 1647 259 1709 natalia
279 1646 311 1704 in
333 1645 402 1706 foro
421 1645 511 1706 civili
533 1647 717 1724 probentur.

102 1747 159 1817 At,
175 1741 320 1820 quoniam
336 1743 411 1800 haec
425 1743 533 1802 eadem
548 1741 715 1802 difficultas
730 1741 869 1803 occurrit
884 1743 916 1801 in
934 1744 1008 1802 aliis

56 1836 296 1915 quaestionibus,
310 1853 389 1912 quae
404 1839 478 1895 sunt
499 1838 536 1896 de
550 1837 784 1896 Catholicorum
804 1837 1007 1898 matrimonio
1099 1855 1100 1858 ’

57 1939 83 1992 ct
99 1931 275 2002 funeribus,
292 1930 490 1990 considerata
511 1930 646 2006 primum
669 1930 911 2008 diligentissime
934 1935 1009 1990 sunt

58 2027 225 2086 Conventus
247 2022 415 2082 nationalis
436 2023 574 2082 decreta.
599 2023 633 2081 ln
656 2020 723 2083 illis
746 2041 840 2100 porro
861 2024 1009 2084 observa·

60 2121 113 2177 tum
134 2122 196 2192 est,
212 2133 391 2193 expressam
410 2115 516 2174 deesse
536 2115 790 2187 declarationem,
806 2135 867 2193 qua
882 2117 1009 2190 fideles,

61 2213 79 2271 si
95 2212 189 2272 alium
212 2210 354 2288 quemvis
374 2214 501 2286 praeter
514 2210 683 2287 parochum
705 2210 861 2270 intrusum
878 2212 1006 2282 adeant,

58 2305 206 2383 baptismi,
231 2303 427 2364 matrimonii
448 2301 500 2364 vel
521 2303 643 2363 funeris
664 2319 779 2377 causa,
802 2304 909 2364 civilis
931 2303 1010 2364 iuris

57 2400 196 2460 beneficia
224 2399 358 2458 debeant
388 2397 547 2458 amittere.
579 2399 717 2471 Verum,
741 2398 801 2457 etsi
829 2399 1009 2458 huiusmodi

58 2493 171 2552 emissio
194 2489 227 2550 in
250 2490 317 2550 illis
339 2490 474 2550 decretis
489 2494 686 2551 statueretur
708 2508 867 2567 expresse,
884 2509 943 2549 non
961 2493 1011 2550 ta-

58 2605 119 2646 men
145 2585 265 2647 ideirco
293 2590 399 2661 posset
419 2584 584 2647 catholicis
606 2584 741 2643 facultas
769 2585 836 2643 dari
859 2585 1010 2662 parochos

58 2680 186 2740 intrusos
208 2681 247 2740 ad
268 2677 456 2755 baptismum
477 2675 689 2754 recipiendum
711 2677 855 2737 adeundi.
872 2679 1014 2754 Quapro-

59 2779 121 2851 pter
140 2771 301 2836 Sanctitas
321 2773 385 2832 Sua
406 2771 599 2844 declararit,
623 2789 681 2829 nou
705 2770 800 2830 licere
822 2771 1012 2848 baptismum

60 2869 190 2946 recipere
212 2885 231 2927 a
251 2865 395 2944 parochis
416 2864 573 2940 intrusis,
598 2868 728 2942 excepto
750 2881 822 2923 casu
851 2868 1012 2923 extremae

61 2959 259 3031 necessitatis,
276 2959 307 3018 in
323 2977 383 3036 quo
400 2976 458 3019 non
473 2960 597 3020 adesset
612 2959 693 3019 alius
715 2957 824 3018 valens
838 2957 1011 3034 baptizare,

60 3057 104 3114 sed
124 3075 143 3117 a
163 3052 309 3132 parochis
330 3053 502 3130 legitimis,
522 3053 655 3131 aliisque
677 3055 713 3114 de
734 3070 841 3112 eorum
863 3069 1012 3111 consensu

61 3152 108 3207 aut
126 3147 260 3209 licentia
280 3147 418 3205 conferri
440 3146 564 3206 debere.

110 3244 188 3304 Oum
209 3241 291 3300 enim
307 3242 460 3318 parochus
481 3241 623 3301 intrusus
642 3241 858 3302 schismaticus
872 3237 1013 3318 profecto

62 3333 250 3411 titulusque
272 3333 407 3393 schisma
426 3332 662 3394 evidentissime
685 3337 825 3407 constet,
841 3352 882 3392 ex
902 3352 938 3393 eo
960 3334 1014 3403 fit,

62 3431 91 3488 ut
109 3427 194 3489 actio
214 3427 374 3501 catholici,
389 3427 539 3505 baptismi
554 3427 726 3505 recipiendi
748 3445 840 3489 causa
856 3429 1013 3487 intrusum

62 3521 210 3596 adeuntis,
227 3538 417 3598 quacumque
439 3539 480 3579 ex
494 3525 585 3598 parte
599 3523 773 3599 spectetur,
789 3520 916 3593 uitiosa,
932 3523 1016 3582 mala
1038 3563 1044 3581 .

879 3626 896 3660 ie
