2372 4198
222 331 358 394 eiusdem
379 333 497 392 Beatae
516 332 771 392 intercessionem
788 332 869 408 apud
891 335 989 392 Deum
1009 323 1175 409 postulem-³

222 441 303 498 mus,
318 429 355 486 ut
374 425 516 486 misereri
539 427 664 486 tandem
686 425 751 502 ipse
767 425 846 484 velit
866 425 1004 485 nationis
1025 425 1161 496 Gallicae,

222 521 315 596 atque
336 518 367 577 in
390 518 473 578 istud
495 535 626 594 regnum
645 517 831 578 catholicam
852 516 945 577 fidem
966 518 1163 590 reducere,ai

221 614 348 689 eiusque
369 611 620 687 antiquissimum
642 612 763 671 cultum
784 612 912 690 populos
935 612 1110 672 miserrime
1123 629 1163 688 per

222 705 396 782 impietatis
416 705 543 765 fraudes
557 707 699 765 seductos
717 723 878 767 revocare.
895 707 1024 768 Utinam
1039 725 1079 767 ex
1096 706 1176 766 felici,

223 799 402 860 huiusmodi
423 814 566 860 successu
587 801 666 861 illud
689 817 780 877 quam
801 801 935 877 primum
957 803 1165 878 consequatur,

223 899 260 956 ut
280 895 391 955 beatae
412 893 530 954 Mariae
553 893 794 955 beatificationis
814 894 983 954 celebritas
1015 912 1074 971 per
1094 899 1124 954 te
1143 894 1164 950 iu

223 993 279 1048 tua
300 986 431 1047 dioecesi
454 986 561 1058 indici,
577 987 747 1063 peragique
767 1005 836 1046 oum
863 987 977 1063 publici
1001 987 1109 1047 cultus
1126 1003 1165 1061 ap

222 1085 334 1160 paratu
356 1080 467 1159 possit,
482 1097 521 1140 ex
536 1099 595 1156 quo
615 1081 680 1141 Nos
695 1080 753 1156 ipsi
776 1085 935 1157 tamquam
954 1079 1177 1140 verissimam

222 1175 303 1235 dicio
317 1192 489 1247 reversam,
505 1175 596 1234 velut
613 1191 629 1232 e
644 1173 838 1251 postliminio
852 1173 1085 1235 sanctissimam
1096 1171 1166 1233 (ibri-

223 1269 264 1330 sci
286 1269 490 1347 religionem,
506 1269 631 1346 alteque
653 1271 682 1330 in
703 1268 844 1329 ¹fidelium
866 1268 980 1330 animis
1000 1268 1101 1328 fixam
1120 1269 1163 1324 m·

222 1363 406 1438 bilitamque
427 1361 661 1438 intelligamus(
676 1363 755 1422 Dum
777 1362 809 1420 in
838 1363 896 1422 hae
917 1379 969 1438 spe
991 1379 1117 1432 sumus,
1135 1360 1159 1416 io

223 1460 312 1517 terea
333 1455 404 1528 libi,
420 1453 541 1516 Dilecte
556 1455 620 1516 Fili
640 1456 770 1528 Noster,
786 1455 871 1532 grati
893 1454 988 1515 animi
1004 1459 1114 1531 partes
1126 1454 1160 1510 in

222 1552 365 1631 ponimus
384 1552 502 1612 Nostro
535 1551 660 1610 nomine
691 1552 906 1628 peragendas,
933 1554 967 1610 et
995 1568 1069 1610 cum
1092 1563 1163 1624 snpra

223 1645 405 1704 memoratis
426 1642 613 1718 monialibus
627 1644 664 1703 ob
679 1643 933 1703 iucundissimum
947 1644 986 1702 ad
1000 1645 1071 1705 Nos
1086 1648 1164 1704 trare

222 1739 350 1799 missum
365 1755 489 1810 manua,
505 1740 538 1796 et
558 1755 627 1797 oum
643 1737 710 1812 ipso
726 1736 837 1796 abbate
852 1738 889 1794 de
904 1737 1083 1814 chatenoy,
1099 1735 1164 1794 cuius

224 1837 260 1894 ut
281 1835 474 1892 constantem
503 1830 698 1907 agnoscimus
726 1847 782 1906 pro
803 1829 912 1889 divina
933 1829 1040 1906 gloria
1061 1830 1163 1904 eiusque

222 1925 361 1987 Ecclesia
388 1925 488 1984 zelum
516 1942 552 1984 ac
578 1923 738 1997 laborem,
761 1941 816 1982 nec
846 1941 904 1984 non
934 1926 967 1983 et
988 1924 1162 2001 singularem

221 2018 254 2078 in
272 2017 472 2097 apostolicam
487 2017 596 2076 Sedem
612 2017 820 2090 devotionem,
836 2016 915 2076 acin
932 2017 1163 2076 Nos-obseruan-

223 2112 298 2172 tiam
315 2155 324 2183 ,
341 2111 388 2170 ita
415 2109 474 2187 ipsi
496 2109 662 2187 pristinam
686 2113 824 2170 nostram
854 2109 1122 2180 benevolentiam,
1139 2096 1180 2172 c?

223 2204 338 2264 merita
359 2205 509 2279 paternae
530 2201 696 2260 eharitatis
717 2201 822 2260 studia
845 2199 1079 2262 confirmamus.
1100 2199 1158 2268 Quoi

223 2317 405 2379 responsum
416 2301 568 2360 Nostrum
583 2315 652 2358 cum
665 2310 703 2358 ex
716 2316 769 2359 ore
781 2302 836 2358 tuo
850 2300 1040 2376 perceperit,
1053 2301 1153 2363 Nosco

222 2411 299 2471 erga
320 2412 351 2452 se
365 2393 541 2453 voluntatis
562 2397 625 2452 tam
642 2393 838 2474 praeclarum
854 2395 967 2452 testem
983 2393 1102 2453 habere
1113 2393 1151 2451 lu·

224 2486 372 2549 tabimur.
389 2487 533 2564 Tiblque‚
549 2486 669 2546 Dilecta
684 2486 748 2546 Fili
770 2491 887 2559 noster,
908 2486 1111 2563 apostolicam
1122 2485 1154 2542 lc·

224 2581 429 2641 nedictionem
450 2597 519 2638 cum
535 2579 644 2638 iisdem
667 2578 867 2652 monialibus,
882 2581 1052 2656 eodemque
1072 2579 1158 2639 abbate

224 2674 506 2734 communicandam
528 2675 728 2748 peramanter
748 2671 960 2748 impertimur.

283 2767 396 2826 Datum
418 2768 534 2826 Romae
550 2765 629 2841 apud
646 2765 678 2824 S.
694 2765 826 2824 Petrum
848 2766 904 2824 sub
929 2766 1058 2825 Annulo
1077 2763 1161 2824 Pisca-

224 2859 303 2920 toris
324 2859 373 2919 die
387 2860 463 2920 XXI
477 2857 586 2918 Martii
608 2859 818 2930 MDOOXOII,
840 2853 1052 2919 Pontificatum
1071 2851 1160 2919 Nostri

223 2969 305 3013 anno
327 2953 442 3012 XVlll.
