2456 4192
52 347 295 410 dentionem...
312 389 321 420 ,
341 351 376 407 et
396 345 475 422 qnod
499 348 644 406 marimo
664 349 827 423 oportebat
849 345 943 418 Tibi,
967 349 1001 407 at

52 440 225 502 ‹Ecclesiae
246 439 297 500 oui
320 437 540 516 temporaliter
563 439 733 518 praesides,
759 459 821 500 non
845 439 1001 503 distulisti

52 533 229 594 rodoara...
245 535 316 593 Mea
337 549 412 592 vero
432 530 596 593 humilitas
616 533 648 593 in
670 534 805 595 eulmina
826 534 1001 613 Apostoliei

51 628 190 687 ›Throni
212 627 283 688 ideo
303 627 457 700 exaltate,
480 630 516 687 nt
537 627 736 705 approbanda
756 628 919 710 approbet,
942 627 1002 688 im·
1059 657 1067 674 ·

52 722 228 798 »probanda
249 739 371 800 quoqne
392 721 569 799 improbet,
592 723 677 782 Tuae
699 721 913 784 sanstissimae
933 720 1001 784 lra-

55 815 235 878 ›ternitatis
249 815 462 894 Episoopslem
476 817 703 895 promotionem
718 815 819 876 libens
834 817 1000 894 approbat,

54 908 251 984 ›reflandat,
279 915 314 970 et
339 909 530 984 confirmat,
556 911 591 969 et
615 927 807 970 eommunam
835 909 1000 970 Dominum

54 1005 230 1065 »instanter
250 1006 375 1074 exorat,
400 1005 435 1063 ut
456 1004 534 1080 quod
557 1003 691 1063 humano
713 1019 768 1062 ore
789 1001 852 1063 iam
873 1000 1000 1076 diserte,

52 1102 141 1158 »anto
163 1097 235 1157 eins
260 1096 366 1156 ooulos
383 1095 715 1174 exsistas.»Epistola
734 1096 810 1157 haee
834 1113 913 1172 quae
941 1111 1000 1155 non

52 1209 82 1250 ex
90 1193 208 1269 privati
220 1189 361 1252 dootoris
374 1190 650 1267 interpretatione,
664 1191 716 1250 sed
732 1207 771 1250 ex
783 1190 898 1250 iudioio
910 1187 1003 1267 prod·

51 1283 83 1344 iit
104 1283 266 1346 Pontifiois
294 1281 464 1344 sanctitate
484 1285 519 1342 et
538 1281 683 1344 doctrina
703 1281 855 1360 insignis,
879 1281 1000 1342 nullum

52 1378 189 1456 relinquit
210 1377 338 1438 dubium
360 1393 452 1455 super
473 1395 563 1437 sensu
577 1420 586 1450 ,
602 1377 635 1435 in
649 1394 709 1453 quo
723 1378 786 1438 Nos
801 1376 999 1454 exposuimus

56 1471 200 1546 epistolem
222 1473 256 1530 S.
279 1470 484 1543 Hormisdou,
507 1472 544 1529 ut
564 1468 679 1530 merito
705 1467 792 1529 inter
820 1469 999 1530 illustriora

60 1569 238 1626 monuments
258 1563 450 1624 aooensenda
472 1561 515 1623 sit
535 1579 591 1639 pro
606 1562 712 1622 debita
725 1563 765 1623 ab
777 1563 938 1641 Episcopis
950 1580 1003 1641 pe·

62 1660 149 1732 tende,
174 1659 212 1717 et
233 1658 423 1735 reportanda
450 1674 470 1716 a
493 1658 635 1717 Romano
657 1655 811 1716 Pontifiee
834 1655 1002 1718 oonfirma-

60 1752 250 1830 tione,qnam
270 1750 449 1812 Tridentini
470 1749 600 1812 consilii
627 1747 730 1810 munit
754 1747 928 1809 auotoritas
943 1747 1001 1826 (1),

55 1863 188 1925 quamque
202 1847 269 1908 Nos
290 1847 322 1904 in
344 1844 547 1924 responsione
568 1860 662 1921 super
675 1840 881 1903 Nnnoiaturis
900 1841 1004 1901 vindi·

56 1943 165 2001 eandam
188 1938 380 2016 suscepimus
395 1937 452 2017 (2),
467 1937 635 2014 pluresque
658 1935 715 1997 alii
736 1953 776 1994 ex
790 1935 886 1996 Vobis
908 1952 1003 2013 egre-

59 2032 113 2106 giis,
126 2033 290 2110 doetisqne
312 2030 437 2108 seriptis
460 2034 701 2109 propugnarunt
715 2028 770 2107 (3).

105 2255 136 2307 (1)
153 2253 223 2299 sess.
235 2249 275 2296 28.
288 2249 348 2296 can.
361 2249 384 2304 7,
397 2247 423 2294 et
439 2247 506 2294 Sese.
519 2248 558 2303 24,
571 2246 602 2294 de
617 2248 757 2295 Reformat.
768 2248 796 2296 in
807 2261 861 2309 osp.
875 2252 897 2297 1.

104 2329 135 2383 (i)
152 2327 215 2385 sep.
227 2327 298 2373 V111·
310 2323 371 2369 seot.
385 2323 408 2368 s.
420 2319 443 2382 ς.
456 2323 486 2368 55
503 2325 529 2369 et
545 2323 584 2381 bt,
597 2335 655 2382 pag.
669 2325 725 2371 211.

104 2403 135 2457 (3)
151 2402 215 2450 Post
229 2399 405 2447 transmissam
420 2399 488 2444 hano
504 2399 655 2457 Epistulam,
681 2397 817 2446 mollimus
842 2400 870 2447 in
892 2401 1003 2448 Litteras

53 2478 73 2523 S.
83 2477 117 2526 Pii
131 2481 164 2536 V,
175 2477 219 2537 qul
235 2488 373 2534 numquam
389 2473 640 2523 oonurmsrevoluit
655 2474 805 2522 alentionem
821 2471 956 2523 Fridsries'
972 2475 1004 2524 de

57 2551 116 2601 Vada
134 2556 164 2602 in
179 2552 403 2612 Arohiepisoopum
419 2551 601 2608 coloniensem,
620 2551 804 2609 quiaomittere
815 2552 1001 2601 nolueratfldei

55 2630 228 2678 ireressienem
243 2631 316 2676 iuxta
331 2627 493 2674 ior-malama
504 2628 549 2674 Pio
561 2629 607 2673 lv.
620 2627 786 2685 approbatam
807 2629 869 2685 (qna
878 2630 1002 2684 praesori-

53 2704 110 2753 bitnr
123 2709 263 2753 minanam
279 2704 419 2752 Eoolesiam
434 2703 622 2762 agnosoendanu
638 2714 693 2750 essa
705 2703 817 2749 omnium
827 2703 1002 2750 Eoelesisrnm

53 2783 154 2841 huam,
173 2783 197 2830 et
212 2781 369 2838 Magistrum,
387 2781 550 2837 Romanoque
565 2778 682 2826 Pontiflsi
695 2779 726 2825 B.
739 2779 809 2827 Petri
823 2779 1004 2838 Apostolorum

53 2857 164 2917 Prineipis
174 2855 330 2913 Snooessorl,
343 2869 373 2902 eo
384 2857 443 2903 Iesu
454 2855 549 2903 christi
558 2855 660 2903 vinario
670 2867 759 2903 veram
769 2853 939 2902 obedientlam
949 2867 1004 2914 pro·

56 2932 169 2992 lundam,
186 2935 213 2981 et
227 2931 380 2989 tutandam).
392 2933 425 2978 ut
434 2931 551 2990 quamvis
566 2932 663 2978 eleotns
679 2927 834 2978 Friderious
850 2929 1004 2990 demoratio·

57 3019 102 3054 nen
115 3009 239 3058 emisisset
254 3020 317 3056 snae
334 3005 506 3064 orthodoxiae,
518 3020 548 3054 aa
563 3007 695 3066 protessus
712 3007 788 3063 esset,
807 3007 959 3065 sangninem
969 3005 1006 3054 et·

55 3083 148 3134 tundere
163 3085 228 3135 velle
244 3098 290 3145 pro
307 3083 357 3132 lide
366 3083 499 3133 catholiea
513 3087 635 3132 Romana:
647 3084 812 3132 nihilominus
825 3086 850 3132 S.
863 3086 932 3143 Pina
944 3087 1002 3144 post

54 3159 197 3210 ursaonae
212 3159 413 3219 monitionesqne
423 3159 558 3218 adhibitas,
570 3161 680 3208 inultam
690 3157 823 3208 Friderioz'
832 3161 1003 3220 pervicaciam

54 3233 139 3284 diutins
152 3239 206 3297 pati
220 3237 311 3294 noluit,
328 3235 435 3294 ideoque
450 3235 1004 3296 mandavit,utvelpareret,ve1Eeoleeinm

54 3310 187 3373 emesae,
197 3313 264 3361 unde
279 3314 308 3360 in
318 3313 444 3371 angustiis
453 3313 552 3372 positus
562 3307 715 3359 Frideriooe
725 3313 818 3360 maluit
828 3313 1005 3362 coloniensem

56 3387 193 3437 cathedram
209 3389 335 3447 abdicare,
347 3401 424 3447 qnam
433 3387 508 3436 fldem
523 3389 681 3448 praeseripta
697 3388 781 3438 torma
797 3389 918 3448 profiteri,
931 3389 1004 3448 eique

55 3472 82 3506 ex
95 3465 222 3514 Pontifloia
236 3464 396 3524 benignitate
411 3465 563 3523 permissum
578 3465 637 3524 luit,
650 3467 680 3512 nt
690 3466 758 3512 ultro
775 3466 901 3525 Dignitati
917 3465 1005 3514 eadere

56 3537 181 3600 videretur,
199 3556 277 3602 quam
299 3541 398 3592 invitus
414 3541 570 3601 exspoliari,
591 3541 620 3588 nt
638 3539 719 3600 liquet
734 3553 765 3588 ex
781 3541 952 3591 monumentis
968 3554 1005 3589 re-
