2456 4192
48 334 160 409 Ipsum,
183 330 219 387 et
237 325 496 403 multiplicandae
524 325 761 405 deprecationes
788 325 935 388 Nostrae.
961 328 1013 388 ln-

48 427 127 483 terea
145 424 227 483 hauc
239 422 393 482 Nostram
406 420 653 494 Allooutionem‚
670 423 707 480 nt
729 421 844 480 testem
860 421 1012 484 adhiben-

48 519 109 578 dam
128 514 292 588 ducimus,
314 511 395 591 quod
417 531 621 591 agnoscamus
642 511 776 588 scilicet,
792 518 911 591 quanta
931 515 1014 578 iufe-

49 615 130 671 ratur
149 609 272 670 iniuria
285 608 458 686 Religioni,
473 612 625 686 quantum
641 609 680 670 ab
695 607 790 670 huius
811 609 1012 687 Apostolicae

53 704 126 764 Sedis
145 701 274 762 iuribus
292 702 493 776 detrahatur3
510 721 631 782 unaque
654 703 863 779 declaramus,
878 704 1012 766 tacitur-

55 798 173 858 nitatem
199 797 351 858 Nostram
380 814 441 856 uon
468 797 507 857 ad
536 795 703 871 incuriam,
726 796 888 874 multoque
910 798 1015 862 minus

52 892 82 950 ed
105 888 366 967 approbationem
395 907 461 950 esse
489 890 703 965 referendam,
729 893 764 952 at
791 890 1012 969 agnoscimus,

53 985 253 1046 necessarium
281 1003 349 1046 esse
376 1003 433 1065 pro
455 986 511 1046 hoc
540 989 682 1064 tempore
709 986 895 1061 silentium,
917 987 1014 1047 donoc

53 1081 199 1158 paraliae
227 1097 335 1141 rernm
361 1076 610 1154 vicissitudines,
632 1098 709 1158 quas
736 1084 801 1143 Deo
826 1083 1013 1159 protegente

53 1174 202 1251 proximas
214 1175 430 1254 propitiusque
438 1175 746 1252 speramus,ntiliter
757 1176 1012 1254 loquipossimus.

492 1385 559 1441 lv.

340 1503 470 1549 omisero
491 1504 574 1548 nmio
594 1504 716 1549 nosrno

89 1635 277 1699 liiildINIOO
299 1634 332 1696 S.
348 1637 388 1698 R.
404 1637 442 1696 Ε.
457 1635 735 1698 PRESBYTERO
755 1636 982 1698 CARDINALI

322 1727 376 1787 DE
396 1727 715 1790 RUPEFUOALDIO

268 1869 520 1949 archiepiscopo
540 1872 795 1951 Rottcmcpcnsi

234 2031 434 2113 PIUS
489 2033 710 2112 PAPA
754 2035 823 2113 VI.

109 2220 248 2280 Dilecto
261 2219 334 2278 Fili
346 2176 498 2291 ¹Noster,
512 2221 664 2278 sautem
679 2223 715 2278 et
727 2220 965 2290 aposcouoam

269 2345 273 2353 ·
381 2311 678 2373 Benedictionem.

112 2487 183 2547 Etsi
212 2485 351 2546 maximo
378 2487 521 2567 qnotidie
549 2484 656 2547 dolore
675 2486 873 2550 ,afflictemur
901 2488 939 2547 ob
966 2505 1019 2547 ve·

58 2582 142 2653 stras,
158 2579 350 2656 vestraeque
371 2579 519 2642 Nationis
540 2595 604 2650 res,
620 2597 699 2655 quae
720 2581 759 2640 ad
780 2581 846 2642 Nos
866 2580 1018 2640 continuo

59 2689 104 2748 per
123 2673 258 2733 nuncios
278 2671 468 2746 afferuntur,
492 2675 597 2733 tamen
618 2672 683 2732 tuis
704 2672 856 2750 perlectis
869 2672 1018 2747 Litteris,

58 2767 164 2828 dilecte
186 2765 254 2827 Fili
276 2767 395 2840 noster,
415 2767 465 2827 die
485 2767 507 2827 9
526 2764 619 2826 huius
640 2765 756 2826 mensis
777 2768 816 2829 ad
837 2767 903 2828 Nos
925 2764 1018 2841 datis,

56 2861 199 2922 maiorem
210 2861 313 2922 adhuc
323 2860 356 2919 in
367 2861 494 2920 modum
508 2861 645 2936 augetur
659 2860 785 2936 paterni
798 2858 910 2922 Nostri
920 2858 1018 2920 animi

58 2955 231 3030 aegritudo,
255 2971 291 3012 ac
312 2952 411 3013 tantis
432 2953 559 3029 tamque
580 2951 728 3028 repetitis
747 2951 905 3013 Ecclesiae
920 2951 1021 3032 Galli-

58 3062 145 3105 canae
174 3043 379 3105 detrimentis
405 3062 424 3103 a
445 3044 490 3102 Te
517 3045 791 3117 commemoratis,
817 3063 880 3106 una
900 3047 1019 3105 Tecum

57 3136 298 3215 ingemiscimus,
320 3139 354 3196 et
374 3155 453 3214 pene
474 3135 637 3197 obruimur
651 3137 720 3196 Tua
732 3137 791 3196 hac
811 3138 879 3215 ipsa
899 3138 1023 3199 luctuo-

59 3229 174 3290 sissima
196 3228 426 3307 deploratione.
444 3230 593 3289 Vestrum
608 3228 691 3287 enim
705 3246 882 3290 moerorem
896 3249 958 3292 non
973 3231 1022 3291 ita

60 3324 254 3400 percipimus,
277 3324 437 3399 tamquam
459 3341 478 3382 a
498 3321 595 3384 Nobis
616 3321 775 3397 alienum,
797 3323 849 3383 scd
870 3325 1023 3386 Nostrum

61 3419 261 3492 reputamus,
284 3416 473 3494 propriaque
494 3415 588 3474 huius
614 3415 647 3474 S.
665 3414 757 3474 Sedis
777 3432 844 3476 esse
865 3417 1021 3492 vulnera,

63 3524 134 3582 quae
155 3509 187 3569 in
203 3511 268 3572 Vos
289 3508 491 3587 infliguntur.
514 3508 611 3575 Quale
632 3506 734 3585 igitur
754 3507 787 3568 in
802 3509 902 3570 tantis
916 3510 1021 3585 malis,

886 3613 904 3648 Ἰ
