2456 4192
412 255 450 266 -
472 222 517 280 xp
539 253 577 266 -

1 291 200 396 ³allaesare
224 326 443 397 Braneadoro
471 325 736 419 archiepiscopo
757 323 920 398 nisibeno
951 331 986 394 et

26 431 138 498 Sacrae
161 429 445 520 congregationis
466 430 508 498 de
535 428 755 521 Propaganda
780 427 861 498 Fide
884 447 904 496 a
929 431 986 496 Se·

25 531 116 601 cretis
140 531 180 599 in
204 531 427 622 patriarchali
451 532 595 603 Basilica
619 530 854 613 venetiarum,
868 551 986 600 coram

29 653 110 702 sacro
143 633 384 703 cardinalium
408 633 580 724 Collegio,
604 635 667 727 qui
697 635 780 704 illuc
812 655 883 704 non
913 633 986 705 sine

32 736 181 822 peculiari
206 735 268 804 Dei
291 737 436 806 consilio
465 739 508 808 ad
542 738 755 808 successoris
783 737 987 808 electionem

32 845 271 910 convenerant.

82 946 158 1009 Hoc
190 961 293 1032 opere
322 941 474 1032 optimus
504 943 652 1034 quisque
681 943 838 1024 fruatur,
874 941 987 1011 clerus

26 1043 253 1134 praeprimis,
273 1044 329 1112 cni
347 1044 528 1135 praecipue
544 1046 744 1116 consultum
759 1051 824 1115 est.
842 1042 875 1113 Si
892 1044 986 1114 enim

26 1153 153 1215 stolata
166 1146 272 1214 Sedis
282 1149 562 1235 ilpoetolicacvel
575 1168 748 1217 canonum
760 1148 985 1217 venerabilia

25 1247 178 1336 definita,
199 1250 295 1317 nulli
309 1251 529 1318 sacerdotum
547 1254 693 1320 Domini
716 1255 886 1340 ipnorarc
903 1252 986 1321 lide·

25 1370 96 1418 rom
107 1360 159 1419 eet
170 1351 235 1439 (l),
245 1349 419 1438 piaculum
430 1353 582 1442 profecto
594 1353 692 1436 foret,
705 1354 733 1423 si
743 1375 833 1445 quae
841 1355 985 1444 Aposto-

28 1462 84 1533 lica
100 1466 205 1534 Sedes
221 1466 436 1557 lamporibus
452 1467 631 1558 aptissima
643 1468 797 1550 edocuit,
812 1468 916 1537 iidem
928 1487 986 1537 ne·

33 1565 202 1655 gligerent3
220 1573 256 1636 et
278 1569 425 1658 populus
448 1569 575 1640 idcireo
595 1571 722 1641 frustra
736 1571 845 1660 legem
861 1591 905 1639 cx
928 1590 987 1639 ore

1 1753 3 1770 μ
35 1665 175 1754 ipsorum
205 1669 416 1760 requireret,
440 1692 520 1741 curn
554 1672 774 1763 praevalente
804 1673 987 1742 hominum

1 1781 2 1790 ’
29 1772 175 1862 neqnfia
198 1773 285 1864 quid
310 1774 506 1859 dicendum,
523 1775 607 1867 quid
631 1776 800 1864 agendum
824 1775 871 1846 sit
892 1775 986 1860 igno-

28 1881 92 1956 rae,
110 1882 150 1944 ut
172 1875 277 1944 fidem
302 1896 401 1946 suam
424 1883 460 1946 et
482 1882 552 1946 Deo
583 1883 618 1947 et
642 1876 820 1947 Ecclesiae
843 1876 986 1944 inteme-

27 1983 129 2046 ratam
153 1978 339 2048 custodiat.

1 2253 2 2258 =
83 2224 125 2300 (1)
145 2229 174 2282 S.
188 2229 376 2281 Innocentius
389 2229 412 2280 1.
431 2230 516 2296 episc.
532 2228 567 2280 ad
581 2229 687 2280 Himer.
