2498 4200
602 226 813 292 .-242-

303 342 390 400 Tunc
412 336 585 396 Lomenins
606 331 773 392 consilinm
786 331 872 410 cepit
886 332 917 390 id
934 351 992 392 sua
1006 335 1122 410 sponte
1140 333 1227 394 abii·

242 435 362 510 ciendi,
384 435 463 511 quod
486 430 605 491 diutins
623 428 763 488 retinere
777 445 810 486 se
824 446 884 486 non
901 446 991 505 posse
1006 431 1224 508 agnoscebat,

242 531 372 607 ideoque
384 529 464 605 apud
479 528 598 602 Regem
609 523 710 601 ipsum
724 539 791 594 suo,
806 541 865 598 quo
880 522 1088 600 fungebatur,
1102 542 1221 583 mune·

243 646 278 690 re
293 645 359 688 sese
377 623 546 685 abdicavit.
564 622 624 681 Sed
644 638 753 679 nomen
771 637 862 678 suum
883 620 1044 693 dedecori,
1061 638 1224 696 suumque

243 726 339 799 ceput
349 717 498 797 periculis
513 715 708 776 obiecturum
721 732 753 773 se
765 717 867 785 ratus,
879 701 939 773 nisi
950 713 1015 786 illi,
1025 733 1088 791 quo
1100 717 1226 774 exutus

244 821 328 876 esset
344 812 539 883 ministerio,
556 810 619 869 alia
634 808 772 885 dignitas
794 807 1004 881 sufficeretur,
1016 808 1127 868 enixis
1148 826 1225 884 pre·

243 911 331 970 cibus
341 909 421 986 apud
435 923 541 983 regem
556 921 683 964 suorum
697 902 901 962 consiliorum
916 901 1064 979 ignarum
1078 901 1222 972 institit,

248 1006 285 1064 ut
296 1000 538 1066 Gurdinalitiam
552 1017 571 1058 a
584 996 682 1058 Nobis
697 995 757 1056 sibi
772 995 962 1072 dignitatem
976 995 1192 1071 impetraret.

305 1098 410 1173 Sagax
431 1093 554 1170 quidem
577 1094 611 1150 et
638 1089 755 1149 callida
782 1088 845 1150 fuit
874 1087 961 1150 illius
983 1087 1166 1160 abdicatio,
1187 1107 1221 1148 ac

244 1209 341 1267 aeque
356 1187 488 1266 provida
502 1184 594 1261 luga,
610 1202 671 1259 qua
686 1201 719 1242 se
733 1183 772 1243 ab
787 1183 871 1243 Urbe
892 1181 1024 1242 Lutetia
1044 1186 1079 1242 et
1101 1202 1123 1244 a
1144 1184 1221 1242 Gal·

244 1285 360 1346 lienum
382 1284 491 1358 Regno
506 1277 683 1355 proripuit,
699 1276 732 1335 in
748 1278 818 1335 tuto
837 1278 1105 1351 exspectaturus,
1123 1275 1218 1336 donec

245 1378 331 1455 regis
351 1392 446 1451 opera
466 1371 681 1432 cardinalatus
702 1371 851 1428 honorem
872 1371 1138 1444 consequeretur.
1156 1369 1215 1430 Dif-

245 1470 327 1531 ficile
349 1467 489 1545 profecto
511 1466 598 1525 dictu
619 1467 686 1534 est,
709 1481 770 1539 qno
799 1463 904 1522 studio
929 1479 986 1522 rex
1008 1463 1215 1524 Christianis-

244 1565 341 1625 simus
362 1562 480 1622 iterum
502 1559 680 1633 iterumque
701 1555 860 1633 flagitarit
887 1573 906 1615 a
928 1555 1018 1616 nobis
1040 1556 1218 1616 cardinali-

243 1659 323 1719 tiam
338 1673 395 1734 pro
410 1654 468 1714 illo
483 1650 686 1728 dignitatem,
698 1669 718 1710 a
731 1667 793 1725 qua
806 1648 975 1710 tribuenda
988 1667 1119 1710 eramus
1131 1655 1218 1710 certe

243 1752 348 1812 animo
363 1748 478 1810 aliene.
494 1745 554 1806 Sed
570 1742 718 1819 repetitis
733 1743 859 1803 tandem
877 1741 1052 1819 expugnati
1067 1743 1219 1819 precibus

168 1830 170 1836 ’
244 1846 305 1906 filii
319 1843 479 1906 Ecclesiae
494 1836 717 1917 primogeniti,
734 1837 822 1897 cuius
836 1835 1023 1896 meritorum
1038 1837 1218 1898 habendam

246 1957 370 2017 semper
391 1936 538 1997 duximus
559 1932 734 2004 rationem,
750 1934 783 1990 et
797 1949 834 1992 ee
849 1948 900 2007 spe
914 1929 1012 2004 freti,
1028 1933 1067 1992 ut·
1080 1933 1220 1992 Archia·
1246 1971 1247 1980 t

244 2034 388 2111 piscopus
415 2025 602 2090 senonensis
630 2025 748 2085 Nostra
776 2039 870 2082 manu
898 2023 937 2082 ab
959 2022 1218 2099 impendentibus
1246 2029 1247 2040 ¹

244 2124 404 2198 aerumnis
419 2123 548 2198 ereptus
562 2135 633 2177 cum
647 2117 746 2189 esset,
763 2118 830 2176 tum
845 2114 945 2176 delati
958 2113 1052 2174 officii
1068 2133 1216 2190 munere,

244 2224 312 2280 tum
342 2215 428 2295 grati
456 2211 553 2274 animi
581 2228 693 2280 causa,
717 2225 750 2266 se
778 2208 815 2267 ad
838 2207 991 2285 pristinos
1012 2226 1084 2269 suos
1105 2229 1217 2272 sensus

245 2314 430 2382 revocaret,
461 2305 593 2368 eundem
621 2303 653 2361 in
682 2300 877 2362 Gensistorio
910 2301 975 2361 diei
1005 2301 1055 2365 15.
1086 2305 1217 2366 Decem-

243 2405 312 2466 bris
334 2404 412 2464 1788
433 2402 465 2462 in
497 2401 640 2460 vestrum
660 2394 829 2472 collegium
851 2395 1078 2471 cooptavimns.
1103 2399 1214 2459 Novus

244 2498 312 2577 spei
332 2499 468 2560 Nostrae
487 2491 631 2554 cumulus
645 2489 796 2562 accessit,
813 2487 865 2548 ubi
878 2487 1073 2548 Lomentum
1086 2490 1120 2550 in
1137 2494 1213 2552 urbe

243 2589 384 2656 Niciensi
407 2587 577 2650 certiorem
605 2585 724 2644 iactum
752 2583 790 2642 de
814 2581 973 2659 dignitate
1001 2583 1213 2648 Cardinalitia

244 2686 304 2746 sibi
337 2678 661 2770 collatesexhibuisse
688 2674 786 2739 Nobis
813 2677 998 2753 agnovimus
1023 2677 1212 2756 locupletis-

244 2779 338 2839 simas
359 2779 396 2838 de
417 2772 610 2845 obedientia,
627 2772 724 2847 deque
746 2770 851 2830 studio
872 2770 905 2830 in
926 2772 992 2832 Nos
1012 2788 1068 2830 suo
1089 2773 1211 2851 signifi-

242 2871 400 2941 cationes,
430 2867 637 2928 affirmantem
660 2881 716 2940 per
737 2863 883 2937 litteras,
906 2881 938 2924 se
958 2864 1055 2924 Nobis
1082 2874 1116 2926 et
1135 2884 1210 2927 con·

243 2965 502 3032 iunctissimnm,
524 2968 554 3020 et
576 2959 896 3035 obsequentissimam
917 2975 997 3031 esse,
1022 2975 1117 3038 seqne
1141 2979 1209 3021 mo·

243 3071 326 3137 pne,
344 3064 374 3115 et
389 3053 555 3114 constanti
572 3050 689 3111 ardore
702 3049 846 3126 flagrare
860 3049 1066 3127 Religionem
1081 3061 1112 3113 et
1125 3053 1209 3130 Apo·

243 3149 391 3211 stolioant
411 3143 523 3208 Sedent
538 3145 670 3217 tuendi,
688 3145 812 3221 sibique
827 3146 864 3204 in
877 3147 960 3205 votis
975 3147 1120 3208 manime
1133 3164 1203 3220 csse,

244 3251 283 3304 nt
302 3243 562 3319 opportunitates
586 3239 704 3299 babere
720 3247 842 3316 posset,
866 3241 983 3316 qnibns
1008 3242 1202 3312 ostenderet,

245 3338 335 3398 hosce
359 3338 451 3415 groti
478 3337 586 3395 animi
611 3337 795 3394 onicenses
820 3341 852 3395 ct
879 3349 1050 3412 permanes
1071 3353 1151 3408 esse,
1175 3345 1205 3398 et

242 3432 390 3509 plurima
411 3447 483 3489 cnm
505 3431 712 3491 observantia
733 3430 922 3489 coniunctos
937 3427 993 3508 (l).

307 3551 343 3607 (1)
359 3551 471 3604 Litterae
485 3549 535 3600 diei
550 3552 590 3600 21.
601 3549 746 3602 Decembris
762 3550 833 3600 tiss.
