2498 4200
309 251 320 274 ι,
429 210 611 274 ..259-

396 362 400 370 ’
472 375 573 436 uu

352 495 548 542 vasnacum
568 499 688 548 FRATRI
791 499 796 512 '

384 642 654 706 AUGUSTO

356 800 514 880 Episcopo
534 804 682 884 Spirensi

248 969 421 1050 PIUS
476 974 667 1053 PAPA
721 977 786 1055 VI.

157 1162 247 1219 Van.
268 1160 402 1232 nater,
417 1160 571 1220 enatem
591 1164 628 1219 et
647 1164 886 1232 aposcolicam

374 1253 669 1322 &sedictionem

94 1441 182 1507 Quae
201 1441 241 1500 ad
256 1441 321 1502 Nos
335 1441 392 1499 tua
412 1437 557 1499 detulisti
571 1437 706 1515 epistola
726 1439 801 1501 data
821 1441 871 1502 die
887 1444 1006 1504 'Imen-

45 1533 81 1595 eis
98 1533 179 1595 Maii
202 1533 346 1611 proxime
366 1532 477 1610 elapsi,
493 1532 532 1592 de
554 1531 723 1609 postremis
746 1533 863 1593 nostris
884 1539 1006 1614 aposto·

48 1626 107 1688 licis
127 1626 266 1689 Litteris
281 1643 338 1702 per
354 1627 385 1684 te
399 1624 516 1688 Latina
536 1628 570 1684 et
584 1623 771 1684 Germanica
792 1624 901 1703 lingna
917 1631 1006 1692 evul-

48 1721 121 1798 gatis
143 1739 207 1782 non
231 1737 288 1798 per
307 1718 472 1779 dioecesim
494 1719 586 1780 modo
611 1717 740 1778 ditionis
763 1724 855 1795 tuae,
878 1724 927 1783 sed
950 1742 1007 1802 per

47 1833 104 1875 mm
126 1815 227 1876 etiam
260 1812 409 1873 dioecesis
429 1795 566 1892 paitem,
589 1829 667 1888 quae
690 1810 752 1872 sita
773 1815 821 1872 est
848 1813 882 1872 in
908 1832 1006 1893 regno

47 1909 179 1981 Galliae,
196 1925 235 1967 ea
256 1909 407 1984 pergrata
432 1906 529 1968 Nobis
549 1904 698 1980 fuerunt,
721 1909 830 1982 utpote
851 1925 930 1983 quae
952 1928 1007 1969 no·

50 2021 112 2063 rum
132 2001 287 2062 exhibent
301 2003 374 2060 tuae
389 2000 421 2058 in
436 2001 501 2061 Nos
523 1999 756 2072 observantiae,
772 1999 881 2077 tuique
902 2001 935 2060 in
957 2021 1007 2064 re·

51 2095 191 2174 ligionem
218 2092 316 2154 studii
348 2097 580 2170 argumentum.
604 2095 738 2153 Gratum
769 2093 865 2153 etiam
891 2096 1007 2158 accidit

53 2190 137 2250 Nobis
151 2207 192 2250 ex
207 2191 263 2248 tua
283 2186 420 2264 epistola
440 2185 550 2249 andire
565 2185 738 2246 multorum
760 2189 1007 2251 retractationes

53 2289 110 2360 post
129 2283 255 2344 easdem
282 2283 408 2342 nostras
428 2280 591 2354 Litteras,
613 2298 726 2358 easque
754 2299 773 2342 a
794 2283 939 2360 pluribus
960 2288 1008 2346 et-

52 2376 105 2438 iam
117 2374 261 2456 parochis
276 2373 409 2434 intrusis
423 2374 523 2434 iactas
537 2373 643 2434 luisse.
661 2373 789 2436 Utinam
805 2378 898 2449 Deus,
912 2397 931 2438 a
945 2397 1005 2455 quo

51 2489 130 2532 omne
158 2472 274 2530 bonum
300 2471 368 2542 est,
391 2467 445 2526 det
472 2466 720 2527 incrementum!
743 2469 1020 2535 Quemadmodum.

54 2583 119 2626 roro
140 2568 176 2626 tu
198 2560 298 2622 omnis
318 2557 539 2637 ambiguitatis
558 2559 716 2622 tollendae
738 2575 833 2622 cansa
853 2562 885 2623 id
907 2566 1008 2626 maxi-

54 2677 93 2721 ne
112 2662 221 2737 optare
243 2672 318 2733 prae
340 2657 371 2714 te
392 2653 475 2727 lars,
499 2655 535 2712 ut
557 2670 688 2730 pennos
718 2655 876 2732 conceptis
898 2659 1006 2720 verbis

53 2753 193 2816 facultate
215 2748 340 2810 doneris
368 2746 552 2808 absolvendi
573 2746 770 2824 poenitentes
791 2748 951 2820 intrusos,
972 2752 1005 2812 in

52 2849 129 2909 dicta
148 2843 298 2906 dioecesis
314 2846 386 2903 tuae
408 2840 583 2918 gallicanae
597 2843 687 2916 parte
701 2845 942 2916 commorantes,
959 2843 1006 2904 ita

53 2959 87 3002 ex
105 2938 194 3000 novis
213 2935 339 2998 Nostris
359 2934 518 3007 Litteris,
536 2950 668 3011 quarum
689 2933 782 3010 plura
803 2937 946 3012 exempla
966 2939 1005 2998 ad

55 3039 80 3095 te
99 3032 265 3103 mittimus,
284 3047 343 3090 non
360 3031 449 3090 modo
470 3045 621 3106 agnosces
643 3042 711 3088 eam
733 3045 825 3106 quam
849 3031 883 3088 tn
905 3030 1006 3092 decla-

54 3130 197 3190 rationem
217 3128 365 3202 exoptas,
382 3123 434 3184 sed
456 3141 597 3184 normam
619 3123 716 3183 etiam
738 3123 816 3183 inibi
837 3123 1001 3199 invenies,

53 3243 107 3301 qua
126 3223 157 3282 in
179 3217 376 3279 absolvendis
397 3215 530 3276 intrusis
550 3217 614 3277 erit
635 3217 797 3278 utendum.
819 3218 918 3284 Quam
938 3219 1004 3280 Nos

55 3312 277 3396 perscripsimus
298 3327 438 3372 normam
452 3327 491 3369 ea
511 3309 716 3386 postulabat
736 3311 926 3372 retractatio
948 3329 1003 3388 pu-

56 3412 129 3472 blica
148 3407 198 3468 sit.
214 3407 275 3468 Sed
293 3406 320 3466 si
342 3408 377 3464 tu
391 3405 429 3464 ad
450 3403 601 3464 evitanda
615 3403 698 3464 mala
718 3404 827 3480 peiora
847 3404 1006 3481 prioribus

57 3508 152 3582 putas,
166 3499 241 3562 satis
254 3499 344 3560 modo
359 3516 425 3560 esse
445 3496 473 3559 si
493 3497 647 3576 parochus
668 3495 819 3574 privatim
842 3498 944 3576 primo
957 3515 1007 3558 oo·

890 3604 908 3639 t
