2456 4192
15 249 98 308 Novit
123 248 199 308 iam
221 249 377 310 Maiestas
399 252 468 310 Tua
486 250 681 312 Arenionem
712 266 731 309 a
756 249 855 313 Nobis
881 249 988 311 rebel·

15 339 103 401 lando·
120 340 318 416 descivisse,
340 361 434 421 seque
454 343 487 403 in
508 346 700 422 potestatem
722 342 874 404 obtulisse
889 341 991 402 Galli-

16 451 56 493 cae
71 434 236 496 Nationi.
259 436 305 495 At
325 436 425 498 Nobis
446 439 484 498 de
506 437 614 497 eadem
627 436 764 499 Natione
784 435 833 496 ita
852 439 903 496 est
916 452 991 514 per·

17 544 144 603 sumum,
155 527 246 602 fore,
256 531 294 588 ut
307 547 474 608 numquam
490 529 636 608 sit,quod
650 530 796 603 offertur,
808 530 988 607 acceptura,

18 623 96 698 utque
128 620 326 681 Maiestatis
352 623 439 683 Tuae
467 623 590 684 animus
617 625 730 683 donum
756 621 839 684 illud
864 621 989 682 omnino

22 713 148 777 reliciat.
177 717 283 776 Secus
306 716 390 776 enim
419 718 458 778 ab
486 717 640 778 eiusmodi
667 717 810 795 exemplo
839 714 990 795 (praeter

24 810 220 872 manifestam
242 810 408 891 iniuriam)
429 815 682 890 consequeretur,
699 813 736 872 ut
755 809 852 872 Natio
866 808 991 870 Gallica

23 921 185 982 nunqnam
210 904 385 966 reclamare
408 909 523 986 posset,
545 906 667 967 sienae
695 903 883 965 Provinciae
913 919 932 962 a
956 918 990 961 se

22 997 205 1070 deficerent,
228 1015 267 1060 ac
286 997 318 1056 in
341 997 600 1078 limitropharum
621 997 670 1056 ius
691 995 884 1059 transirent:
908 995 989 1072 qnod

21 1096 94 1152 certe
118 1094 235 1168 potest
254 1089 288 1150 in
309 1093 367 1152 hac
388 1096 480 1154 tanta
493 1092 554 1152 Tui
575 1091 675 1151 totins
696 1089 800 1168 Regni
821 1088 990 1168 perturba-

20 1187 96 1248 tione
118 1187 282 1248 facillime
302 1188 496 1266 contingere.

67 1281 214 1341 Divinae
241 1279 432 1342 confidamus
458 1279 706 1352 Providentiae,
742 1282 987 1357 constanterque

22 1370 221 1434 inhaerentes
242 1377 370 1452 patrum
392 1380 575 1437 nostrornm
595 1373 708 1448 Fidei,
730 1389 878 1454 praesens
899 1372 990 1432 nobis

26 1467 56 1527 ab
73 1468 134 1528 illa
154 1467 350 1546 praesidinm
374 1485 623 1548 promereamur.
653 1469 740 1536 Quod
763 1485 839 1528 rere
863 1467 902 1527 ad
923 1467 990 1528 Nos

31 1559 208 1638 singillatim
230 1562 390 1640 pertinet,
413 1581 580 1640 numquam
602 1562 740 1624 animum
760 1563 913 1623 Nostrum
934 1577 990 1620 va-

33 1670 116 1713 cnnm
135 1673 152 1716 a
170 1673 253 1717 cura
272 1661 366 1733 atque
385 1670 501 1734 angore
514 1657 631 1716 habere
646 1654 788 1733 profecto
802 1654 987 1731 poterimus,

29 1745 84 1806 nisi
104 1767 170 1808 cnm
194 1749 229 1808 in
251 1751 323 1811 tuto
344 1750 478 1827 positam
498 1748 677 1811 Maiestatis
697 1750 784 1810 Tuae
805 1746 990 1825 tranquilli·

28 1841 119 1902 tatem
138 1841 391 1921 felicitatemque
413 1843 640 1922 intelligemus.

76 1937 184 2014 Atque
199 1955 240 1997 ex
251 1938 311 1997 hoc
326 1937 440 1998 intimo
454 1944 588 2016 paterno
602 1955 694 1997 sensu
706 1936 878 2015 profectam
892 1934 990 1995 Maie-

27 2028 95 2087 stati
116 2031 224 2104 Tuae,
247 2031 470 2108 Augustueque
493 2032 658 2092 universae
679 2029 834 2091 Familiae
854 2029 989 2106 Aposto-

27 2119 110 2183 licam
129 2123 387 2184 Benediction'em
408 2125 623 2186 amantissime
645 2122 858 2202 impertimur.

78 2217 193 2277 Datum
207 2220 331 2278 Romae
351 2219 432 2294 apud
447 2219 596 2278 Sanctam
614 2219 748 2280 Mariam
763 2217 916 2278 Maiorem
931 2216 989 2278 snb

26 2308 144 2369 Annulo
164 2310 353 2384 Piscatoris,
375 2311 425 2370 die
446 2311 573 2372 X.Iulii
588 2313 764 2374 Mouuxo.
779 2310 988 2372 Pontificatus

25 2401 129 2463 Nostri
146 2405 241 2464 Anno
262 2405 351 2466 XVI.

552 2571 749 2634 Benedictus
769 2570 864 2649 Stuy.
