2374 4196
627 209 807 270 -376-

235 317 356 378 casibus
376 318 408 378 iu
430 318 579 380 districtu
607 335 681 378 suaa
708 317 923 379 Nuntiaturae
950 315 1160 392 comprehensis.

236 429 273 472 ac
288 412 455 489 temporali
463 410 725 474 christianissimi
736 410 857 480 Galliae
868 410 965 488 Regis
977 409 1100 469 dominio
1112 409 1162 467 sul>

237 504 329 567 iactis
349 505 531 566 facultatem
558 505 718 582 impertiri
746 505 844 582 possit
871 503 1044 565 celebrandi
1063 502 1163 562 Missam

237 599 269 658 iu
290 598 428 675 privatis
449 598 603 670 domibus,
619 599 651 656 iu
673 598 742 657 loco
763 602 866 656 mmeu
888 597 1022 667 decenti,
1037 611 1118 671 super
1134 595 1164 653 al·

237 693 300 752 tari
320 693 464 769 quamvis
484 693 637 752 destituto
659 709 747 754 sacro
768 692 885 769 lapide,
906 695 942 750 et
963 691 1026 750 siue
1049 687 1164 764 reliquiis

236 787 435 858 Sanctorum,
452 785 547 845 donec
562 789 596 846 et
608 775 768 862 ipuousque
781 785 819 845 ab
834 783 939 860 aliquo
953 784 1095 860 Episcopo
1106 799 1164 840 com-

235 879 412 940 munionem
426 878 624 957 Apostolicae
636 880 726 940 Sedis
740 879 874 940 habente
889 882 1046 938 sacratum
1058 875 1164 952 lapidem

236 971 378 1032 obtinere
398 973 530 1050 possint:
553 991 589 1035 ac
610 978 775 1046 praeterea
795 974 896 1032 eidem
917 972 1091 1049 Apostolico
1103 973 1165 1032 Nuu-

235 1066 281 1126 tio
302 1066 426 1144 pariter
446 1066 620 1139 commisit,
637 1070 673 1127 ut
686 1067 839 1145 praelatis
851 1067 1045 1145 presbyteris
1065 1065 1166 1126 faculis·

235 1166 300 1218 tem
321 1159 525 1236 impertiatur
546 1178 605 1219 uou
628 1160 729 1220 solum
757 1159 960 1220 benedicendi
987 1156 1164 1236 supellectilis

235 1254 273 1312 ad
295 1254 410 1316 Missae
432 1253 629 1326 sacrificium,
651 1253 683 1312 iu
705 1253 817 1330 quihus
839 1271 897 1313 uou
921 1253 1086 1312 adhibetur
1103 1265 1162 1308 sacre

236 1346 360 1418 unctio,
384 1363 494 1405 verum
515 1346 611 1407 etiam
640 1346 841 1406 consecrandi
862 1345 977 1405 calices
998 1363 1034 1404 ac
1053 1348 1159 1422 patenas.

236 1440 400 1499 dummodo
432 1445 537 1499 tamen
566 1440 631 1498 siut
658 1439 815 1498 solidioris
843 1439 1020 1510 materiae,
1049 1437 1161 1497 videlicet

235 1526 364 1606 stamui,
388 1534 482 1606 aeriS,
506 1533 689 1605 auricalchi,
712 1534 801 1610 cupri
821 1537 882 1592 etc.
903 1551 974 1612 cum
995 1533 1070 1594 Oleo
1090 1535 1162 1591 tamer

235 1625 274 1684 ab
298 1627 447 1704 Episcopo
474 1628 648 1687 benedicto.
679 1628 927 1702 Quibuscumqua
948 1626 982 1684 iu
1005 1625 1161 1684 contrarium

236 1736 295 1778 nou
324 1721 541 1794 obstantibuS‚
568 1741 604 1781 ac
628 1721 844 1798 praesentibus
868 1722 906 1780 ad
932 1737 1048 1779 anuum
1073 1721 1162 1778 tautum

235 1811 395 1874 valituris.

292 1909 406 1967 Datum
420 1910 538 1968 Romae
558 1927 597 1968 ex
620 1908 748 1967 aedibus
770 1908 872 1966 dictae
888 1909 920 1966 S.
936 1901 1162 1984 Congregatiouis

235 1999 285 2059 die
297 2005 330 2061 et
344 2019 425 2061 anuo
440 2001 552 2078 quibus
567 2018 672 2077 supra.

544 2094 582 2155 L.
597 2093 694 2156 θανά.
708 2095 903 2154 Automatias
912 2094 1107 2170 Praefectus.

697 2280 733 2332 2·
1170 2289 1171 2310 l

457 2395 659 2439 SERENISSIMO
681 2395 718 2438 AG
739 2391 965 2437 rorumrmsmo

563 2529 862 2598 odoacro

403 2681 547 2758 Macetae
567 2681 769 2742 Britanniae
790 2683 873 2759 [θερί
893 2681 1027 2742 Illustri
1169 2711 1170 2803 p

442 2848 615 2928 PIUS
670 2848 863 2926 ΡΑΡΑ
917 2849 985 2925 VI.

292 3043 519 3101 serenissime
543 3044 952 3136 appetentissimum,
976 3044 1117 3134 Salutem

573 3145 608 3199 et
628 3141 860 3199 Felicitatem.

292 3298 361 3359 Nou
383 3317 545 3376 possumus
564 3300 708 3378 equidem
730 3299 886 3376 dubitare,
908 3299 984 3377 quin
1005 3298 1102 3376 regiae
1119 3305 1160 3351 u*

233 3390 341 3451 iactati
356 3393 442 3498 Tuae
462 3395 605 3500 redditae
626 3395 750 3471 gratiae
762 3393 903 3500 'fuerint
918 3410 995 3498 quas
1007 3393 1067 3453 Nos
1079 3399 1159 3463 repen·

233 3482 347 3544 deudas
368 3484 428 3545 trbr
448 3503 628 3548 curarimus
656 3503 712 3564 per
739 3486 890 3546 dilectum
919 3485 1018 3546 filium
1040 3483 1158 3544 Nasum
