2498 4200
44 330 139 390 utiles
161 330 352 401 videantur,
383 335 458 391 snut
483 347 604 409 semper
631 349 701 392 cum
726 332 866 410 periculo
889 343 1007 394 summo

41 423 239 486 ooniuuctae.
264 422 299 482 Si
319 421 393 499 quid
415 422 446 481 in
462 422 583 500 patrias
597 423 684 501 leges
699 424 830 502 irrepsit
844 425 1007 500 abusuum,

44 515 103 575 iam
126 515 360 576 declaravimus
381 514 472 589 alias,
491 517 640 594 modoque
661 516 778 578 iterum
800 517 1009 594 declaramus,

45 611 206 686 promptos
218 607 285 668 Nos
305 624 372 668 esse
394 606 433 666 iis
454 607 660 682 eradicandis,
678 612 712 668 et
732 629 749 670 e
769 611 872 670 medio
894 612 1008 674 tollen-

45 703 99 775 dis,
121 700 304 777 vestrisque
333 698 428 772 votis,
450 701 655 776 quantumin
679 702 766 763 nobis
786 704 860 777 erIt,
885 705 1008 766 auscul-

43 795 154 856 tandis.
178 794 332 856 Desinant
352 793 505 854 factiones
533 799 568 855 et
595 794 773 856 simultates
794 797 880 858 inter
900 798 1005 872 cives,

43 907 88 949 res
107 889 149 949 ad
171 905 264 950 suum
286 887 427 949 ordinem
441 891 659 962 revertantur,
675 890 868 951 restituatur
889 892 1005 954 animis

42 982 193 1056 charltas,
209 981 344 1052 iustitia,
369 997 440 1057 pax:
465 980 570 1042 felices
590 982 675 1042 enim
698 983 832 1060 undique
853 984 957 1058 eritis,
980 986 1007 1046 ai

44 1075 177 1137 servatis
205 1073 283 1148 Dei,
307 1072 484 1145 Ecclesiae,
512 1093 549 1134 ac
574 1075 732 1152 Principis
753 1077 855 1137 vestri
883 1078 1007 1156 legibus

44 1186 110 1245 paee
134 1165 358 1246 perfruemiui3
381 1166 629 1243 quandoquidem
650 1167 736 1228 Deus
752 1171 846 1246 pacis
866 1187 904 1230 ac
924 1171 1007 1230 diie-

45 1263 158 1322 ctiaais
180 1262 246 1321 erit
265 1260 445 1330 vobiscum,
469 1258 572 1319 veluti
597 1259 741 1321 fidelibus
768 1262 914 1340 promisit
934 1282 1010 1342 apo*

45 1353 141 1413 stolus
163 1351 285 1412 Paulus
299 1349 356 1430 (l).
379 1353 445 1412 Nos
467 1351 598 1412 interim
618 1353 650 1412 in
672 1352 760 1414 illius
776 1355 861 1432 pacis
878 1355 1003 1433 pignus,

44 1464 126 1521 qnam
149 1445 295 1506 omnibus
314 1464 333 1506 a
354 1445 486 1506 Domino
508 1449 707 1523 exoptamus,
729 1448 819 1508 vobis
841 1467 912 1510 ven.
926 1451 1005 1511 Fra·

47 1543 113 1614 tres,
138 1537 290 1616 vobisque
318 1538 427 1598 dilecti
450 1539 543 1613 Filii,
558 1541 709 1602 Nostram
729 1542 931 1618 apostolicam
952 1545 1005 1605 be·

53 1633 250 1693 nedictioncm
271 1635 473 1710 peramanter
497 1631 710 1711 impertimur.

98 1729 216 1788 Datum
238 1728 356 1786 Romae
377 1725 459 1802 apud
481 1726 514 1786 S.
530 1728 663 1787 Petrum
683 1728 740 1788 sub
754 1729 880 1790 Annulo
900 1730 1005 1793 Pisca-

50 1822 130 1896 toris‚
145 1821 198 1882 die
210 1821 318 1880 XXIII
328 1819 450 1896 Aprilis
463 1821 654 1895 MDGOXOI,
669 1821 879 1884 Pontificatus
892 1826 1003 1887 Nostri

53 1916 131 1976 luno
152 1915 256 1975 XVII.

609 2008 723 2085 PIUS,
739 2012 792 2088 qui
814 2030 919 2091 supra.

369 2147 374 2154 ’
432 2189 612 2248 mur.

337 2298 699 2370 DEGRE'PUM

164 2472 422 2547 PARISIENSE‚
437 2475 515 2536 SEU
535 2475 869 2540 ROTHOMAGIINSE

49 2609 298 2696 Beatificatiomia
324 2626 355 2678 at
376 2616 648 2682 Gaaoairatiomis
680 2621 756 2683 Vara.
780 2623 899 2686 Scraae
927 2626 998 2698 Dei,

96 2714 212 2771 sororis
232 2711 362 2773 Mariae
377 2714 416 2773 ab
430 2711 690 2788 Iacaraatioae‚
712 2719 916 2795 fundatricis
936 2738 1001 2781 mo-

97 2807 240 2865 aiaiiam
261 2803 514 2866 carmelitarum
538 2812 799 2870 excalceatorum
813 2815 850 2871 im
868 2812 1001 2886 Galliis,-

97 2915 190 2974 raper
213 2898 311 2957 dudio
337 2916 400 2972 aa,
427 2909 534 2960 stante
558 2905 789 2978 approbatione
815 2908 995 2978 virtutum,

99 2990 253 3050 actricem
266 2990 521 3063 Miracaioram‚
539 3001 609 3053 tato
620 2995 771 3056 deueairi
782 3000 888 3072 poscit
898 2998 943 3059 ad
953 3016 1001 3058 so·

96 3085 229 3144 amnem
248 3082 389 3142 eiusdem
406 3082 481 3143 Vera.
495 3083 615 3147 Sarrae
626 3086 689 3147 Dei
699 3087 996 3166 Beatificatioaem.

94 3230 158 3298 Quo
180 3234 320 3308 tempore
335 3249 352 3291 e
367 3232 543 3294 Galliarum
559 3253 669 3314 regno,
686 3238 723 3297 ob
740 3241 790 3299 tot
804 3238 926 3302 inflicta
940 3242 999 3302 Ec-

47 3320 144 3384 clesiae
165 3324 282 3385 unitati
304 3326 517 3403 potestatique
534 3328 678 3403 vulnera,
705 3334 837 3409 paterno
857 3334 999 3396 Sanctis-

48 3412 105 3475 siml
125 3415 249 3478 Domini
261 3416 372 3478 Nostri
386 3417 438 3478 Pii
458 3420 563 3498 Papae
577 3423 667 3484 Sexti
690 3425 792 3486 animo
807 3445 908 3489 novus
923 3446 999 3507 quo·

96 3533 128 3589 tt>
144 3532 226 3594 Epist.
238 3534 264 3580 11
281 3530 314 3583 ud
330 3531 444 3584 cerluth.
463 3545 520 3596 oup.
542 3535 605 3586 1111
621 3551 648 3587 v.
665 3541 704 3589 ll.

792 3633 793 3638 =
882 3624 899 3660 e
