2498 4200
70 316 230 389 praestare
251 311 388 372 civicum
408 312 619 396 iuramentum
641 313 769 388 renuit,
797 314 935 375 habetur
957 316 1038 375 tam·

70 424 159 483 quam
187 407 282 467 civici
312 407 431 467 ordinis
452 406 673 485 perturbator,
696 410 730 469 et
752 425 784 467 sa
806 407 951 485 ingerere
974 425 1034 467 nou
1097 463 1099 470 ,

68 505 173 578 potest
192 501 226 561 in
248 502 386 580 propriis
407 501 640 576 functionibus,
663 499 758 561 immo
781 502 887 580 poenis
908 501 1036 563 indictis

67 599 105 658 ab
124 600 233 658 eodem
245 599 411 660 Oouveutu
422 598 586 662 Nationali
599 602 743 660 remanet
754 597 925 671 subiectus,
937 597 984 660 ita
997 599 1036 665 ad

69 691 216 753 evitanda
235 709 447 769 quaecumque
468 685 724 752 inconvenientia
746 690 917 769 graviaque
939 679 1034 765 mala,

67 784 200 862 supplex
211 786 327 846 Orator
341 784 382 844 ab
394 785 587 846 Eminentiis
598 783 725 846 Vestris
740 784 823 862 petit
836 784 1034 860 facultatem,

68 880 103 938 ut
122 877 156 936 in
177 880 270 955 parte
285 894 359 938 suae
373 876 522 938 dioecesis
535 877 690 951 Alsatiae,
706 876 759 936 ubi
775 877 961 955 praesertim
982 895 1037 938 ex-

64 971 168 1048 posita
195 970 280 1031 mala
307 969 446 1030 timenda
475 973 569 1044 sunt,
592 969 712 1030 sivein
734 969 876 1030 omnibus
902 970 1034 1049 aliisque

65 1063 142 1124 loeis
162 1080 237 1124 suae
252 1062 414 1137 dioecesis,
430 1063 552 1123 casibus
567 1061 818 1136 obvenientibus,
834 1061 901 1123 eius
915 1064 1043 1124 Satira-²

66 1156 156 1235 gauei
177 1173 215 1216 ao
236 1154 359 1217 Vicarii
381 1156 547 1232 generales
567 1157 744 1216 verbaliter
764 1155 944 1233 dispensare
964 1174 1035 1233 pos-

66 1250 130 1312 sint
153 1265 250 1326 super
278 1247 454 1309 enunciatis
482 1247 633 1326 gradibus
653 1248 691 1309 ab
713 1248 841 1309 Indulto
870 1249 1032 1322 concessis,

67 1361 120 1404 uec
142 1343 244 1404 ullam
265 1340 298 1401 iu
318 1341 413 1402 libris
433 1344 602 1403 teneantur
623 1345 728 1402 uotam
749 1341 864 1402 iacere.

123 1474 126 1478 ⁵
211 1525 278 1594 ux
299 1523 570 1595 Auumunm
592 1523 892 1594 snuonlssnu

285 1699 426 1759 nauso
447 1699 501 1758 ese
522 1696 563 1756 15
584 1695 673 1773 Mese
694 1667 792 1756 1791.

123 1887 350 1954 Sanctissimae
359 1887 508 1950 Dominus
520 1889 638 1950 Noster
651 1887 729 1948 P1us
743 1885 852 1947 divina
865 1883 1031 1963 providen-

70 1984 111 2044 tia
122 1986 190 2046 ΡΡ.
206 1985 264 2056 VI,
279 1982 438 2044 referente
452 1985 492 2044 R.
506 1984 543 2043 P.
557 1985 594 2043 Ι).
607 1979 853 2058 archiepiscopo
873 1980 1031 2041 ndanensi

72 2096 172 2140 sacrae
187 2076 448 2155 congregationis
470 2077 508 2136 de
529 2077 734 2153 Propagauda
747 2074 826 2134 Fide
839 2073 1030 2148 secretario,

71 2171 201 2234 attentis
222 2169 375 2247 expositis
395 2168 656 2242 circumstantiis,
672 2166 791 2246 petitas
813 2172 850 2228 ut
870 2184 966 2246 supra
985 2167 1033 2227 fa-
1080 2235 1085 2243 ἱ

69 2266 204 2328 cultates
215 2264 368 2341 Episcopo
387 2262 507 2324 oratori
521 2261 654 2340 benigne
669 2262 835 2336 concessit3
851 2261 898 2322 ita
911 2266 1029 2334 tamen,

69 2363 101 2420 ut
113 2358 257 2420 Paroeho
271 2363 358 2418 certo
373 2360 495 2417 constet
509 2357 546 2417 de
562 2355 795 2434 dispensatione
811 2357 849 2416 ab
863 2354 1029 2417 Ordiuario

68 2470 228 2527 concessa,
254 2456 289 2512 et
310 2451 343 2510 in
369 2450 505 2527 aliquem
532 2450 650 2511 librum
675 2450 841 2511 abeodem
862 2448 1030 2510 ordinario

68 2548 186 2606 secreto
207 2544 432 2606 asservandum
453 2543 607 2622 elargitae
628 2541 870 2620 dispensationis
888 2559 958 2602 cum
979 2543 1030 2602 in·

67 2639 236 2718 scriptione
258 2637 415 2700 nominum
440 2638 712 2716 dispensatorum,
739 2641 813 2698 nota
840 2635 947 2713 aliqua
973 2640 1029 2698 aut

67 2733 283 2794 documentum
311 2731 489 2792 reseratur:
513 2731 646 2792 durante
667 2733 725 2793 hac
746 2735 924 2808 temporum
944 2728 1030 2789 cala-

68 2826 189 2902 mitate,
201 2829 235 2888 et
248 2827 286 2887 ad
301 2826 533 2903 beneplacitum
547 2825 736 2898 sanctitatis
751 2827 845 2900 Suae,
860 2821 1028 2885 contrariis

68 2919 307 2998 quibuscumque
327 2937 387 2979 nou
411 2917 619 2980 obstantibus.

342 3102 384 3164 A.
399 3102 551 3180 Arcbiep.
565 3102 720 3164 Adonea.
732 3100 944 3164 Secretarius.

479 3373 632 3399 ⁴000—-
