2386 4194
241 307 407 368 Pontificis
420 309 519 382 iussu,
535 327 733 385 commonere
754 314 787 371 te
808 309 903 371 debeo
918 308 1037 370 nullius
1051 307 1173 368 momenti

243 419 309 461 esse
330 402 474 477 futuras,
496 402 558 464 nisi
578 405 609 464 id
632 404 726 464 simul
748 422 843 482 agas,
866 406 903 465 nt
922 403 1028 463 verbis
1047 402 1123 464 factu
1143 419 1175 460 ro·

242 495 427 572 spondeant.
449 498 540 560 Nunc
559 501 665 559 numm
686 500 757 576 quis
777 498 914 574 dubitet,
936 496 1079 577 egregias
1098 493 1175 553 declu-

242 588 383 650 rationes
404 596 476 652 tuas
500 591 594 653 iactis
618 592 693 653 elidi
718 596 812 670 atque
841 593 944 654 everti
959 602 977 663 ,'
993 589 1086 652 simul
1106 591 1175 664 umus

243 683 351 743 eodem
381 687 524 762 tempore
551 686 709 762 affirmas,
737 686 914 765 nequivisse
936 689 968 748 te
987 684 1092 764 populi
1116 681 1176 741 vot'n

243 776 408 852 obsistere,
424 784 520 856 teque
537 785 717 858 promptum
738 799 774 842 ac
795 782 942 858 paratum
965 777 1100 840 ostendis
1112 775 1176 836 illius

242 870 400 932 Ecclesiae
422 871 569 951 regimini
591 872 808 951 suscipiendo,
833 891 911 951 quae
936 873 1039 935 adbuc
1059 871 1118 930 rite
1135 885 1175 927 nun

242 963 346 1023 estin
371 964 584 1025 cathedralem
612 971 737 1040 erecta,
763 970 797 1027 et
824 966 864 1027 iis
892 966 1055 1046 pascendis
1082 963 1174 1034 ouibus,

241 1075 319 1134 quae
334 1059 423 1117 modo
442 1059 660 1136 gubernantur
679 1078 716 1122 ao
736 1063 893 1137 reguntur
906 1060 945 1121 ab
960 1057 1174 1134 Archiepiscupu

240 1151 423 1227 Rhomensi,
442 1147 476 1212 et
496 1154 535 1214 ab
559 1153 631 1214 aliis
648 1153 812 1232 episcopis,
834 1171 997 1232 equorum
1013 1150 1174 1213 dioecesibus

240 1244 315 1306 illas
335 1246 460 1323 decerpi
481 1249 662 1323 oporteret,
686 1247 713 1307 si
733 1247 923 1327 illegitimae
943 1247 1098 1307 erectioni
1115 1245 1171 1304 locus

240 1338 345 1398 essetl
1178 1385 1179 1394 ,

301 1430 335 1490 Si
357 1448 468 1492 verum
489 1433 556 1506 est,
578 1432 741 1492 Pontideis
769 1433 882 1492 summi
912 1435 1042 1496 decreta
1062 1437 1094 1493 te
1112 1428 1179 1490 hub

242 1530 348 1586 turum
374 1525 513 1601 ipsorum
534 1527 603 1585 Iesu
623 1524 744 1606 Christi
773 1526 974 1588 oraculorum
999 1527 1095 1600 loco,
1120 1523 1170 1584 scin

240 1619 386 1694 oportet,
413 1617 515 1696 ipsum
539 1619 571 1678 in
597 1636 654 1680 sua
675 1619 933 1702 responsiouelad
955 1620 1171 1698 archiepiscopo

240 1715 274 1772 et
285 1711 442 1789 episcopos
455 1711 632 1772 Galliarum
647 1715 723 1774 date
736 1713 874 1775 docuisse
889 1715 999 1776 iamet
1016 1715 1170 1782 declarasse,

240 1805 419 1866 huiusmodi
439 1805 621 1882 electiones,
643 1812 848 1884 quae-amoto
870 1808 956 1870 clero
977 1827 1037 1886 per
1058 1809 1171 1887 populun

240 1899 333 1974 finnt,
349 1899 461 1960 irritas
474 1918 541 1960 esse
562 1904 596 1960 et
615 1900 738 1974 inanes,
754 1900 894 1978 inspecta
911 1919 982 1962 cum
1003 1903 1116 1976 veteri,
1129 1908 1171 1961 tun

240 2012 322 2054 nova
341 1993 498 2054 Ecclesiae
520 1993 698 2071 disciplina,
718 2012 832 2073 easque
853 1995 985 2076 proinde
1005 1995 1172 2074 accepturis

239 2104 392 2164 quoquam
412 2105 471 2146 non
487 2105 587 2164 posse,
603 2089 718 2165 absque
732 2107 769 2148 eo
782 2091 861 2166 qnod
878 2107 1012 2151 canones
1028 2092 1170 2156 violentur,

240 2197 339 2257 neque
367 2197 474 2241 earum
502 2179 621 2240 intuitu
649 2180 715 2257 peti
737 2183 794 2241 aut
815 2181 952 2241 obtineri
973 2201 1066 2260 posse
1086 2198 1170 2259 aquo-

239 2291 370 2350 cumque
384 2273 451 2332 sive
465 2273 722 2350 metropolitano,
739 2272 806 2334 sive
827 2275 969 2354 episcopo
990 2263 1180 2338 consecretis-¹

239 2383 321 2426 nem.
344 2366 526 2428 Istiusmodi
538 2368 622 2428 enim
637 2367 830 2429 consecratio
844 2369 999 2448 sacrilega
1013 2376 1097 2432 esset
1107 2375 1170 2445 sub

239 2459 461 2534 schismatica,
484 2479 540 2520 nee
561 2461 658 2538 ullam
685 2465 868 2522 consecrato
894 2463 1056 2526 tribueret
1075 2461 1171 2524 iurisdi·

238 2553 386 2627 ctionem,
402 2554 468 2614 sive
483 2555 663 2615 canonicam
684 2555 876 2629 missionem,
892 2575 972 2633 quse
993 2576 1035 2619 ex
1055 2557 1170 2618 mandatu

236 2646 424 2723 apostolicae
438 2647 529 2708 Sedis
541 2647 632 2708 unice
653 2647 875 2725 proficiscitur.
893 2651 941 2710 Tu
956 2649 1066 2728 itaque
1080 2654 1172 2711 exten

237 2739 291 2817 plo
306 2741 404 2802 debes
428 2745 462 2802 et
482 2745 614 2820 gradum
636 2742 761 2817 sistere,
785 2745 907 2804 etcum
929 2745 964 2805 in
984 2747 1056 2821 hac,
1080 2739 1170 2804 sunu

237 2831 302 2894 ulia
322 2833 407 2893 omui
429 2852 464 2895 re
485 2837 620 2896 decretis
639 2837 863 2897 adhaerescere
884 2839 1074 2915 apostolicae
1097 2834 1170 2902 Sedit

237 2945 315 3004 qnae
336 2927 438 2990 veluti
452 2931 522 2989 Iesu
538 2930 657 2991 Christi
678 2930 806 2992 oracula
827 2936 859 2991 te
880 2933 1039 3009 suscipere
1053 2932 1169 2994 affirmas.

235 3021 302 3082 Hac
321 3020 418 3080 animi
433 3022 480 3082 tui
494 3022 707 3085 declaratione
723 3023 838 3098 fretus,
854 3042 946 3102 quam
962 3028 1036 3086 tuae
1051 3021 1171 3086 exhibent

236 3114 391 3189 litterae,
419 3117 633 3179 sanctissimus
660 3118 811 3179 Dominus
834 3119 952 3181 Noster
976 3111 1170 3197 plurimumir

233 3209 364 3270 Domino
378 3209 518 3285 confidit,
535 3217 567 3273 te
581 3215 619 3272 ad
635 3212 799 3272 meliorem
822 3215 960 3272 mentem
982 3221 1170 3274 reversurum

235 3302 424 3380 proindeque
452 3303 552 3382 ipsius
573 3306 761 3366 Sanctitatis
783 3305 865 3366 Suae
894 3305 1020 3390 nomine
1045 3312 1077 3367 te
1100 3302 1170 3363 etan

234 3399 328 3472 atque
343 3396 440 3457 etiam
455 3397 568 3458 hortor
581 3402 676 3476 atque
691 3398 833 3471 obsecro,
849 3403 886 3460 ut
907 3415 926 3458 a
946 3397 1087 3476 paternis
1105 3391 1169 3454 illio

235 3488 364 3550 monitis
386 3507 425 3549 ne
446 3489 547 3550 latum
561 3488 686 3567 quidem
701 3507 840 3568 unguem
854 3490 1005 3552 discedas.
1019 3490 1053 3551 Id
1067 3489 1093 3550 si
1106 3499 1171 3565 prus·
