2386 4194
385 251 422 264 ..
447 219 507 281 159
528 251 565 264 ..

4 329 133 399 evertat,
146 325 179 384 in
195 325 323 387 irritum
338 315 595 397 sint'reoasurae,
608 324 711 384 scient
719 326 855 385 Nostrae
870 339 956 382 men-

7 421 44 480 tis
63 439 120 482 non
147 439 230 492 mse,
257 421 330 481 illos
349 437 370 479 a
391 419 593 498 gravioribus
613 418 652 478 iis
674 417 781 496 poenis
805 418 954 490 liberare,

6 516 106 593 quibus
119 534 173 594 per
194 533 327 575 omenes
346 513 567 574 subiiciuntur:
583 512 703 590 sibique
717 516 806 574 certo
828 531 957 591 persua·

7 611 101 682 dunt,
123 628 154 669 se
175 626 232 686 per
252 610 316 670 Nos
337 607 532 669 anathemati
559 606 730 667 subiectum
756 607 810 678 iri,
832 609 956 686 Nosque

4 703 68 762 illos
86 703 286 765 anathemate
300 699 459 777 perculsos
473 699 630 760 Ecclesiae
650 700 817 761 universae
837 701 955 760 denun-

6 797 142 869 tiaturos,
158 789 316 873 tamquam
333 793 561 867 schismaticos,
582 813 602 854 a
622 795 836 855 communione
850 795 958 855 Eccle-

7 889 68 960 siae,
89 890 267 965 Nostraque
289 891 480 965 segregatos.
503 887 639 946 Maxime
661 887 743 947 enim
765 887 955 948 conveniens

11 985 54 1051 est,
73 991 111 1042 ut
128 983 281 1059 quisquis
302 983 339 1039 in
360 981 573 1058 insipientiae
594 997 670 1040 suae
692 982 761 1041 luto
782 983 887 1040 iacere
903 980 958 1041 de-

13 1075 117 1152 leperit,
139 1081 268 1134 statuta
286 1081 512 1150 permaneant,
532 1081 565 1133 et
585 1090 658 1134 cunt
678 1075 724 1134 eis
745 1073 863 1133 lrabeat
884 1090 954 1132 sor-

11 1175 74 1241 tsn,
99 1185 239 1246 quorum
260 1174 306 1226 est
326 1173 451 1226 secutus
472 1183 635 1238 errorem;
656 1165 705 1226 ita
725 1185 779 1226 nos
807 1167 955 1228 edocente

10 1261 106 1321 &noto
118 1263 224 1323 Leone
249 1257 484 1336 praedecessore
505 1261 622 1322 Nostro
641 1259 674 1319 in
690 1261 825 1337 epistola
840 1260 883 1320 ad
898 1259 955 1318 Iu·

12 1355 120 1413 itanum
145 1356 328 1431 episcopum
342 1350 505 1413 (inensem

57 1449 112 1506 Vos
133 1465 217 1506 nunc
240 1445 447 1522 alloquimur,
471 1445 548 1505 Ven.
572 1445 722 1518 Fratres,
748 1446 821 1521 qui,
847 1445 955 1522 paucis

16 1541 144 1616 exceptis,
171 1541 358 1600 vestrorum
379 1555 455 1615 erga
477 1539 610 1616 Gregem
632 1538 800 1599 officiorum
823 1556 955 1599 munera

20 1635 89 1706 probs
100 1633 289 1713 agnovistis,
305 1651 413 1709 eaque,
429 1632 572 1693 humanis
594 1632 771 1695 rationibus
794 1634 951 1711 sepositis,

18 1726 92 1802 pelen
113 1726 247 1807 professi
268 1726 355 1796 estis,
372 1725 477 1801 ibique
497 1743 601 1798 ouras,
623 1744 659 1785 ac
679 1726 801 1786 labores
820 1727 953 1788 maiores

15 1821 127 1897 inpendi
150 1824 297 1898 oportere
325 1820 556 1892 existimastis,
588 1821 640 1880 nbi
668 1822 787 1881 maiora
816 1821 954 1898 pericula

14 1913 195 1990 ingruebant3
212 1913 367 1989 Vobisqne
387 1916 531 1990 aptamus
552 1914 702 1991 elogium,
725 1933 784 1991 quo
806 1915 953 1976 laudatus

3 2007 64 2065 ¹Leo
80 2010 213 2086 Magnus
233 2007 594 2084 cumulavitEpisoopos
613 2026 657 2069 ea
678 2009 827 2087 Aepppto
842 2008 958 2071 Catto-

23 2101 84 2172 licor,
106 2101 197 2179 apud
218 2099 534 2177 Constantinopolim
549 2105 752 2163 constitutos:
764 2105 855 2165 Licet
872 2105 956 2164 lado-

21 2193 86 2254 ritu
105 2195 302 2254 Dilectionis
321 2193 460 2265 Vestrae,
483 2211 563 2271 quos
580 2211 641 2270 pro
662 2197 870 2257 observantia
893 2194 957 2257 Ga-

18 2283 134 2348 tlolioae
161 2287 258 2346 Fidei
278 2287 477 2361 suscepistis,
501 2294 565 2344 toto
587 2285 680 2348 corde
701 2291 899 2365 compatiar,
925 2298 956 2349 et

14 2393 49 2447 ea,
69 2397 151 2456 quae
178 2378 269 2438 Vobis
290 2381 329 2438 ab
352 2378 522 2439 haereticis
544 2380 643 2439 illata
663 2388 750 2452 sunt,
767 2399 834 2441 non
855 2384 954 2442 aliter

13 2474 166 2547 accipiam,
189 2473 340 2549 quamsi
361 2473 426 2548 ipse
445 2475 651 2548 pertulerimr
672 2476 822 2551 intellipo
844 2483 956 2535 tamen

12 2568 98 2640 napis
117 2582 182 2626 esse
194 2565 323 2642 pandit,
339 2583 438 2641 quam
451 2568 615 2637 moeroris,
634 2565 730 2643 quod,
748 2569 958 2644 confortante

16 2653 60 2714 Vos
79 2657 218 2718 Domino
232 2657 307 2718 Iesu
322 2655 459 2730 Christo,
479 2661 515 2717 in
530 2657 736 2736 Eneapelica
756 2661 957 2735 Apostolico-

12 2764 60 2821 que
79 2751 231 2812 doctrina
252 2751 487 2825 insuperabiles
504 2752 708 2826 perstitistis.
731 2751 870 2811 Etcum
897 2749 956 2809 Vos

13 2839 125 2904 inimici
145 2843 244 2903 Fidei
267 2841 481 2902 Christianae
502 2844 542 2902 ab
562 2842 784 2903 Ecclesiarum
811 2842 883 2902 sede
908 2843 958 2902 di·

16 2936 172 3008 uellerent,
196 2938 360 2996 maluistis
384 2939 666 3012 pereprinationis
687 2937 850 2996 iniuriam
867 2939 952 3012 pati,

16 3041 95 3098 quan
119 3033 191 3091 ulla
218 3031 400 3106 impietatis
430 3032 574 3104 ipsoram
601 3030 794 3105 cantapione
821 3031 955 3089 uiolari.

15 3115 146 3195 Equidem
167 3125 230 3182 Vos
258 3123 440 3195 intuentes,
470 3140 529 3180 non
557 3139 718 3199 possumus
746 3121 956 3183 consolatione

15 3227 62 3271 uon
84 3217 172 3292 affici,
188 3219 324 3294 Vosque,
348 3220 383 3277 ut
403 3216 435 3274 in
458 3213 617 3293 proposito
638 3217 799 3294 perstetis,
822 3235 881 3276 non
904 3235 956 3277 ve·

15 3303 159 3370 hementer
180 3311 317 3371 hortari.
341 3313 388 3371 Ad
410 3310 592 3370 memoriam
613 3310 720 3386 itaque
742 3311 887 3370 Vestram
910 3327 958 3369 re-

17 3413 146 3463 vocamus
166 3402 342 3481 spiritualis
364 3403 452 3462 illius
474 3402 611 3480 coniugii
633 3419 758 3474 nexum,
774 3420 833 3478 quo
852 3401 958 3462 Eccle-

16 3490 59 3552 siis
81 3496 196 3558 Vestris
216 3497 364 3557 adstricti
385 3495 481 3569 estis,
503 3496 664 3571 quodque,
681 3495 817 3555 nonnisi
839 3499 952 3568 morte,
