2456 4192
50 295 270 369 sericordierum,
293 300 327 357 et
345 298 427 358 Deus
448 293 548 356 totius
569 292 792 355 consolationis
806 292 878 354 Tibi
892 296 980 354 certa

48 394 147 466 praesto
159 389 232 464 orit,
247 393 474 467 convertatque
489 389 652 468 planctum
664 390 766 449 Tuum
780 387 812 448 in
828 385 979 465 gaudium

48 483 109 554 libi,
123 483 169 544 ubi
183 485 284 544 Tuam
305 484 566 561 virtutemque
588 481 621 541 in
641 480 833 542 infirmitate
854 477 977 557 perlici·

48 583 94 650 tur,
107 596 157 655 per
168 577 393 639 tribulationes
406 581 441 638 et
452 575 615 655 angustias
627 574 856 654 exploraverit.

88 673 126 730 Ad
145 670 359 748 quaestionem
374 673 479 732 autum
494 670 573 748 quod
589 667 720 742 attinet,
735 685 828 748 quam
843 667 980 730 dilucide

52 765 97 824 Titi
109 764 241 842 postulas
255 763 386 825 enodari
406 768 500 842 atque
521 762 687 841 explicari,
704 779 754 824 me
774 763 852 824 item
874 761 980 836 iussit,

50 858 70 916 in
84 859 153 918 huno
172 877 246 919 sane
260 859 386 918 modum
401 874 456 918 suo
470 873 602 935 prorsus
617 855 739 917 nomine
752 857 803 917 his
815 858 861 917 Te
875 855 981 918 verbis

49 952 288 1013 commonefacere.
312 950 347 1012 Si
367 955 481 1011 octava
500 949 551 1010 die
571 949 706 1027 proximi
721 949 850 1011 huiusce
865 950 980 1014 mensis

47 1049 69 1104 et
84 1047 162 1119 euni,
183 1046 267 1107 istnc
285 1041 454 1106 occesserit
474 1041 623 1104 Officiolis
644 1041 843 1120 municipalis
864 1044 903 1104 sd
926 1063 980 1105 no·

47 1155 98 1198 vem
115 1139 330 1211 Abbatissam,
352 1140 387 1198 st
405 1139 610 1198 Oeconomam
640 1135 838 1215 eligendam,
859 1142 898 1198 ιιι
917 1137 981 1199 lert

47 1230 163 1292 ultimum
182 1233 266 1294 illud
287 1233 467 1304 Decretum,
483 1231 561 1308 quod
584 1233 620 1290 ιιι
642 1248 877 1305 commemoras,
893 1232 979 1306 Tibi,

48 1321 152 1401 Tutaque
171 1323 393 1403 conreligiosis
412 1323 444 1384 id
465 1339 558 1385 curae
579 1323 655 1396 erit,
679 1328 717 1385 ut
735 1329 890 1402 quantum
910 1324 980 1386 tisri

48 1418 146 1492 poterit,
160 1418 302 1481 novitati
317 1417 390 1478 huic
404 1417 580 1495 prudenter
593 1418 792 1496 modesteque
805 1417 979 1493 obsistatis,

53 1507 122 1569 eidem
132 1511 263 1573 Officiall
283 1511 392 1572 debita
411 1507 510 1572 animi
532 1510 738 1572 submissione
751 1509 979 1589 significantes,

56 1599 77 1657 id
92 1606 185 1667 restris
199 1603 338 1684 Regulis
359 1607 394 1664 et
414 1601 699 1665 constitutionibus
713 1603 890 1677 adversari,
906 1620 981 1681 quas

54 1692 113 1756 inter
127 1699 374 1778 amplectendum
397 1696 583 1758 Institutum
599 1701 743 1759 vostrum
765 1697 898 1758 iurastis
917 1700 980 1758 Deo

51 1794 126 1851 sancte
143 1793 354 1878 religioseque
376 1797 573 1854 servaturas.

91 1885 191 1948 Verum
214 1888 244 1950 si
266 1888 342 1962 flet,
365 1890 402 1947 ut
421 1886 543 1947 frustra
568 1884 742 1946 nitentibus
765 1885 879 1957 Vobis,
900 1885 981 1963 quod

51 1990 100 2036 seue
117 1980 286 2042 timendum
308 1984 369 2053 est,
392 1980 441 2040 vis
462 1979 569 2058 aliqua
593 1978 794 2051 adhibeatur,
817 1977 865 2040 ita
887 1984 923 2039 ut
944 1981 980 2041 ad

52 2086 131 2133 nouam
149 2076 330 2138 huiusmodi
350 2074 535 2136 electionem
549 2073 717 2152 cogemini,
733 2075 808 2134 tune
822 2075 983 2136 Sanctitas

52 2163 106 2238 Suu,
124 2187 158 2229 ne
177 2170 301 2231 maiora
321 2169 405 2230 mmo
425 2168 671 2244 subsequantur,
693 2166 879 2228 fucultatem
897 2168 981 2241 Tibi,

48 2255 152 2338 Tuisque
166 2262 391 2341 Oorreligiosis
404 2260 590 2339 impartitur
610 2261 648 2320 ad
670 2260 849 2342 huiusmodi
872 2279 983 2324 novam

48 2348 201 2418 electionem
226 2356 426 2429 deveniendi,
442 2356 488 2416 ita
507 2358 611 2417 tamen
634 2355 683 2429 ut,
697 2355 724 2416 si
740 2355 811 2415 fleri
826 2355 856 2415 id
873 2357 982 2435 possit,

48 2441 81 2502 Tu
97 2447 156 2525 ipsa
175 2451 208 2511 in
232 2451 430 2512 Abbatiesam
459 2450 614 2529 eligaris:
643 2466 704 2526 qua
729 2447 761 2509 in
786 2465 820 2509 re
841 2449 984 2511 facienda

50 2537 99 2600 vult
121 2543 202 2622 ipse,
226 2550 264 2606 ut
284 2545 342 2606 heo
363 2545 551 2606 necessitate
573 2545 727 2616 durante,
752 2560 807 2602 nec
828 2543 983 2620 Regulus,

51 2643 86 2690 nec
101 2636 346 2701 demutationes
360 2641 488 2699 vestrae
511 2636 577 2721 ullp
592 2636 681 2698 vobis
701 2653 768 2696 esse
786 2634 907 2711 possint
926 2635 984 2696 im·

50 2727 209 2796 pedimento.

90 2821 145 2884 Hac
157 2828 282 2889 ratione
303 2825 398 2887 facile
419 2825 492 2886 Tibi
514 2825 579 2886 erit
593 2823 625 2884 in
641 2843 691 2899 eo,
707 2825 813 2902 inquo
834 2821 982 2898 moraris,

50 2925 203 2984 remanere
230 2921 317 2995 loco,
339 2925 374 2981 et
392 2919 450 2983 illa
475 2918 630 2980 solemnia
649 2921 725 2980 vota
746 2916 896 2997 religiose
917 2933 985 2976 ser-

50 3017 115 3080 vare,
134 3013 243 3088 quibus
264 3015 310 3074 Te
330 3016 394 3074 Deo
414 3011 587 3085 devovisti;
609 3029 665 3072 nec
686 3028 763 3089 opus
788 3010 864 3084 erit,
888 3012 925 3070 ut
945 3009 983 3070 ad

49 3105 161 3164 remotas
179 3105 267 3166 orbis
291 3109 419 3183 partes,
440 3107 478 3167 ad
500 3122 579 3183 quas
605 3105 748 3177 secedas,
770 3103 907 3163 animum
929 3104 986 3163 aut

49 3192 243 3268 cogitetioncm
262 3202 442 3274 convertam
465 3198 496 3258 id
519 3199 602 3260 enim
624 3197 717 3258 debet
737 3214 803 3258 esse
824 3199 985 3257 extremae

51 3285 149 3350 tantum
170 3292 366 3355 necessitatis
387 3291 571 3366 remedium,
588 3289 641 3351 ubi
656 3308 764 3370 nempe
780 3290 868 3352 vobis
885 3288 985 3349 omnis

50 3390 153 3450 prorsus
173 3388 216 3448 sit
236 3386 382 3464 adempte
394 3385 531 3446 facultas
545 3384 691 3446 manendi
706 3383 738 3444 in
754 3400 793 3444 ea
806 3383 984 3455 vocatione,

52 3471 74 3532 in
91 3497 142 3554 que
160 3489 291 3547 vocatae
310 3484 400 3558 estis,
416 3484 469 3544 ubi
482 3484 667 3544 benevolum
686 3480 910 3544 nanciscamini
925 3482 987 3541 Re·
