2374 4196
31 290 129 351 tionum
149 292 244 366 foliis,
259 311 335 370 quas
356 294 424 371 ipsa
444 297 594 371 tuumque
608 294 780 372 capitulum
802 293 871 371 pari
895 311 970 353 con-

30 403 101 445 sensu
129 387 304 447 amiseratis
336 392 446 449 contra
466 391 593 450 decreta
620 388 799 449 Conventus
832 386 969 447 nationis

29 479 150 554 gallicae,
164 497 241 556 quae
263 481 294 539 in
317 481 498 541 universum
520 481 635 555 istum,
663 485 729 541 tum
751 482 967 554 saecularem,

30 577 80 630 tum
100 574 271 650 regularem
294 575 412 634 clerum
427 581 626 648 emanarunt,
647 575 676 634 id
700 575 801 652 ipsum
817 593 898 635 nunc
917 592 970 634 re-

30 668 131 727 novatis
152 669 267 728 vestris
282 669 574 746 protestationibus,
590 687 758 746 earumque
772 668 916 746 exemplo
930 670 968 728 ad

28 759 77 819 Nos
104 763 285 822 transmisso
317 779 377 821 non
399 761 465 822 sine
494 762 631 841 plurima
652 763 742 822 laude
774 761 969 822 constantiae

29 853 183 913 vestraein
212 854 376 914 retinendo
399 858 548 930 quantum
577 854 609 914 in
631 853 722 915 vobis
742 859 791 915 est
819 853 902 914 sacri
922 853 971 912 in-

28 946 113 1006 stituti
133 947 250 1020 studio,
272 948 493 1008 confirmamus
516 966 624 1024 nempe
652 950 688 1008 ad
711 947 851 1024 publicas
873 947 971 1008 maxi·

27 1055 124 1098 narum
145 1040 242 1099 animi
256 1041 365 1101 Nostri
387 1041 620 1117 aegritudinum
642 1058 751 1101 causes
773 1059 832 1100 non
856 1041 971 1102 medio·

26 1149 91 1190 crem
110 1134 203 1194 etiam
226 1133 258 1192 in
272 1136 336 1195 Nos
351 1135 489 1194 dolorem
505 1135 682 1209 accessisse,
698 1154 738 1193 ex
758 1134 970 1210 peculiaribus

28 1228 181 1284 vestrarum
204 1243 310 1285 rerum
333 1227 518 1300 rationibus,
542 1246 581 1287 ex
603 1228 642 1286 iis
663 1228 798 1299 scilicet,
815 1244 893 1302 quae
914 1244 971 1284 vo-

27 1311 61 1372 bis
79 1319 251 1396 vestrisque
279 1318 401 1378 iuribus
424 1319 593 1380 etiamnum
617 1317 727 1378 inferri
749 1319 968 1399 agnoscimus,

29 1407 217 1471 detrimentis.
231 1411 317 1478 Quod
339 1413 440 1489 ipsum
462 1413 499 1472 ad
521 1414 586 1474 Nos
608 1413 784 1472 deierantes
807 1410 970 1489 praeclara

25 1505 92 1560 certe
112 1505 268 1564 exhibetis
289 1505 418 1580 pietatis
440 1507 577 1579 vestrae,
593 1509 686 1581 etque
708 1505 739 1563 in
760 1507 823 1567 Nos
844 1507 877 1564 et
898 1521 972 1562 san-

27 1597 90 1652 ctam
110 1598 187 1656 hanc
209 1599 320 1657 Sedem
342 1597 561 1659 observantiae
579 1599 865 1676 coniunctionisque
880 1601 971 1659 docu-

28 1692 120 1749 menta.
142 1693 261 1751 Verum
276 1710 312 1751 ea
334 1696 409 1752 sunt
424 1697 576 1768 tempora,
592 1697 629 1752 ut
649 1695 766 1768 quanto
787 1691 901 1751 maiori
915 1709 970 1751 ve·

30 1782 121 1840 murini
144 1785 384 1846 tribulationum
407 1786 557 1862 procella,
575 1786 663 1846 tanto
685 1784 795 1844 itidem
818 1785 969 1843 maiorem

27 1887 156 1947 opponere
178 1878 353 1955 patientiae
375 1879 528 1939 virtutem
550 1879 701 1952 debeatis,
725 1896 821 1954 eaque
842 1878 910 1954 ipsa
931 1880 970 1937 ad

27 1968 143 2029 assiduas
154 1989 263 2048 preces
277 1972 426 2032 adiuncta
439 1973 578 2033 divinam
594 1973 746 2034 inclinare
757 1971 969 2041 clementiam,

28 2074 70 2132 quo
90 2064 233 2124 misereri
247 2065 405 2125 Ecclesiae
428 2085 500 2127 suae
514 2067 608 2140 velit,
624 2069 790 2143 tantasque
804 2083 970 2126 aerumnas

26 2153 54 2209 ad
76 2158 245 2218 animarum
276 2159 449 2219 utilitatem
477 2178 609 2238 suaeque
635 2159 754 2237 gloriae
776 2161 971 2219 incrementa

28 2254 202 2312 convertere.
219 2252 403 2312 Huiusmodi
418 2255 563 2331 vota'pro
583 2257 640 2314 hac
654 2272 761 2314 rerum
784 2254 970 2314 necessitate
1055 2267 1058 2272 ·

28 2353 170 2419 numquam
203 2347 378 2407 intermitti
400 2349 534 2419 debent,
558 2366 687 2425 spesque
708 2366 814 2408 omnes
842 2348 873 2405 in
895 2347 970 2408 Eius

29 2434 220 2500 misericordia
241 2441 404 2513 collocari,
420 2442 459 2502 ab
473 2461 569 2519 eaque
584 2441 859 2519 providentissima
880 2442 972 2499 bene·

31 2521 265 2610 icentissimaque
287 2534 454 2595 voluntate
481 2535 618 2594 solamen
640 2553 675 2594 ac
697 2535 838 2593 levamen
860 2550 971 2610 exspe-
1029 2571 1035 2580 -

30 2620 98 2681 atari.
114 2626 252 2686 Interim.
268 2626 301 2684 in
323 2627 483 2704 singulare
498 2632 647 2703 paternae
667 2627 802 2687 Nostrae
816 2642 893 2701 erga
913 2643 970 2684 vos

28 2709 173 2778 ciuitatis
202 2719 440 2793 testimenium,
475 2739 509 2780 ac
537 2721 569 2778 in
599 2720 776 2778 divinorum
806 2735 970 2777 munerum

26 2810 191 2887 auspicium,
208 2815 411 2891 apostolicam
432 2814 680 2874 benedictionem·
700 2813 778 2885 tibi,
801 2812 917 2871 dilecta
938 2811 971 2870 in

26 2895 131 2963 Christo
152 2906 241 2980 tilia,
264 2907 378 2967 nobilis
400 2907 533 2981 mulier,
557 2912 671 2984 tuoque
699 2905 864 2983 spectabili
885 2903 971 2981 capi-

28 2990 89 3066 tulo,
103 3004 303 3072 peramanter
316 2999 529 3076 impertimur.

72 3090 127 3150 Dat
114 3095 181 3150 tum
203 3095 321 3154 Romae
343 3095 404 3152 etc.
422 3092 470 3151 die
491 3093 597 3151 XXVI
617 3089 755 3153 Ianuarii
776 3090 970 3164 Moooxor,

26 3172 213 3246 Pontificatua
234 3184 344 3245 Nostri
364 3202 444 3243 anno
465 3185 552 3244 XVI.
656 3192 657 3195 ’

446 3419 537 3442 *000-
