2456 4192
8 345 9 352 χ
45 280 72 339 in
92 280 181 342 aulas
203 299 326 359 rogum,
342 287 388 355 et,
405 285 482 360 qnod
506 286 696 346 horrendum
718 285 805 346 dictu
827 295 1002 364 proponat,

46 373 134 434 etium
156 375 189 434 in
212 375 436 436 Sanetuarium
457 395 490 436 se
511 377 670 441 insinuat?

100 470 162 528 Vos
184 474 376 545 propterea,
400 472 597 532 venerabiles
610 473 764 544 Fratres,
784 475 837 551 qui
858 475 935 535 eatis
957 474 1005 534 sal

48 567 155 633 terrae,
172 565 319 622 custodes
341 565 497 624 Dominici
518 565 637 644 gregis,
649 569 683 628 et
697 569 858 640 Pastorem
873 585 1005 647 quorum

52 660 91 714 est
108 656 262 732 proeliari
281 656 404 734 proelia
418 657 554 730 Domini,
570 659 746 738 exsurgite,
758 664 792 721 et
804 659 1006 737 accingimini

57 749 143 825 gladio
159 753 281 822 vestro,
295 751 350 828 qui
364 759 414 812 est
427 753 565 814 Verbum
586 752 655 826 Dei;
677 755 771 830 atquo
793 771 812 814 a
825 752 939 814 linibus
954 771 1008 812 ve-

55 844 117 902 stris
138 843 315 922 improbam
336 845 554 923 contagionem
576 846 738 924 depellite.
754 847 917 924 Quousque
938 850 1008 907 tan·

54 939 110 998 dem
130 956 325 1000 communem
349 940 441 1014 fidei,
463 945 497 1000 et
518 943 676 1002 Ecclesiae
700 941 923 1004 contumeliam
945 942 1008 1002 dis·

53 1033 245 1094 simulamnsl
266 1036 439 1112 Tamquam
461 1036 627 1098 clamantis
654 1037 774 1100 christi
796 1038 933 1116 Sponsae
954 1053 1008 1113 ge·

53 1125 123 1186 nitu
135 1128 201 1188 Nos
222 1126 360 1188 excitari
384 1131 532 1205 putemus
557 1129 623 1190 illis
644 1130 799 1191 Bernardi
820 1131 926 1190 verbis
940 1128 1004 1207 (l):

55 1219 127 1280 Olim
143 1221 354 1298 praedictam
375 1229 433 1291 est,
450 1230 481 1282 et
495 1240 585 1282 nunc
600 1230 724 1302 tempus
738 1225 936 1300 impletionis
951 1223 1009 1282 od-

55 1317 154 1375 oenit:
183 1314 269 1376 It'cce
298 1317 337 1375 in
361 1332 440 1392 paee
468 1317 657 1378 amaritudo
682 1333 755 1378 mea
776 1319 1010 1390 amarissima,·

56 1425 158 1468 antara
180 1411 280 1485 prius
311 1411 350 1470 in
373 1426 449 1471 nece
479 1419 686 1487 martyrum,
709 1413 856 1472 amarior
872 1419 945 1488 post
970 1415 1008 1472 in

57 1503 195 1578 candidu
214 1503 464 1576 haereticorum,
482 1506 692 1565 amarissima
710 1507 854 1566 nuncin
867 1507 1008 1566 osoribus

32 1664 35 1672 ,
62 1596 289 1658 immemorum
344 1597 514 1658 Intestina
527 1606 573 1659 est
585 1602 688 1676 playa
700 1597 880 1670 Ecclesiae·
891 1608 922 1660 et
936 1601 1008 1660 ideo

64 1689 95 1746 in
101 1707 168 1765 pace
179 1691 373 1750 amaritudo
386 1708 459 1752 mea
472 1694 692 1752 amarissima.
705 1691 768 1752 Sed
783 1692 820 1750 in
834 1709 902 1769 qua
913 1692 1009 1768 pacet

60 1789 86 1840 et
99 1801 161 1858 pan
181 1792 252 1855 est,·
272 1791 305 1843 et
324 1802 394 1844 non
414 1792 461 1844 est
478 1801 561 1860 patu.
580 1785 658 1845 Paeo
680 1801 701 1844 a
720 1787 878 1860 peponis,
895 1793 926 1845 et
936 1801 1008 1861 paea

57 1875 89 1933 ab
105 1876 302 1946 haereticis5
329 1877 384 1937 sed
404 1894 472 1938 non
493 1881 636 1955 profecto
658 1894 679 1937 a
698 1878 790 1956 filiis.
822 1877 892 1936 Voa
910 1880 1009 1955 plen·

55 1973 147 2042 uentis
166 1974 205 2030 in
228 1977 371 2046 tempore
391 1973 469 2030 isto.-
485 1971 589 2030 Filios
608 1971 767 2042 enutrivi,
791 1977 823 2030 et
846 1973 1008 2030 occultavi:

55 2064 109 2135 ipsi
126 2072 238 2124 autem
259 2071 452 2139 spreverunt
472 2081 533 2124 me.
554 2063 766 2140 Spreuerunt,
783 2071 814 2124 et
827 2068 1010 2126 maculave-

54 2167 122 2216 runt
138 2175 189 2218 me
210 2175 234 2217 a
254 2160 348 2235 turpi
367 2159 450 2228 uita,
470 2174 493 2217 a
514 2159 606 2233 turpi
625 2165 773 2233 quaestu,
788 2175 810 2217 a
823 2161 916 2236 turpi
927 2175 1009 2218 com·

53 2255 168 2324 aternio,
183 2269 206 2311 a
226 2253 359 2326 nepotis
379 2251 521 2328 denique
537 2252 788 2327 perambulante
802 2253 840 2311 in
855 2253 1005 2312 tenebris.

53 2343 232 2404 Lacrimosis
252 2344 302 2404 his
323 2344 485 2420 questibus
507 2343 721 2420 pientissimae
745 2344 860 2406 Matris
885 2346 955 2423 quis
976 2363 1008 2406 se

54 2437 245 2510 commoveri,
268 2441 362 2514 etque
384 2435 508 2513 impelli
530 2438 734 2498 vehementer
754 2456 815 2498 non
836 2438 956 2498 sentiat
969 2441 1008 2498 ad

55 2533 264 2604 praestandam
286 2546 408 2589 omnem
430 2547 530 2603 suam,
546 2548 636 2606 quem
659 2530 817 2590 Ecclesiae
832 2530 1008 2594 arctissime

57 2623 203 2696 pollicitus
224 2628 286 2696 est,
302 2623 493 2683 industriam
515 2626 610 2700 etqua
631 2623 779 2700 operami
794 2624 894 2683 Vetus
908 2622 1009 2698 igitur

57 2713 232 2777 fermentum
255 2721 451 2795 expurgate3
473 2717 597 2777 auferte
625 2718 742 2779 malum
771 2718 809 2777 de
830 2716 932 2776 medio
953 2735 1010 2776 vo·

55 2808 117 2883 stri,
132 2812 216 2870 idest
230 2815 402 2871 venenatos
423 2809 523 2870 libros
545 2810 584 2870 ab
603 2810 704 2870 oculis
726 2809 834 2888 gregis
849 2826 963 2887 magna
976 2809 1010 2867 vi

55 2904 82 2958 et
93 2903 261 2965 sedulitate
282 2905 489 2981 extorqueto3
505 2903 625 2965 animos
639 2907 744 2964 autem
759 2902 893 2967 infectos
908 2920 1011 2981 prom-

57 2997 100 3067 pte
119 2998 309 3074 fortiterque
331 3001 509 3075 segregate,
526 3015 564 3056 ue
586 2997 652 3057 sint
672 2997 788 3057 ceteris
810 2999 1007 3058 nocumento.

57 3085 152 3149 Aliter
171 3093 283 3163 enim,
307 3090 415 3151 aiebat
444 3089 660 3150 sanctissimus
688 3087 838 3151 Pontifex
858 3091 921 3152 Leo
943 3087 1007 3168 (2),

57 3179 139 3243 Notis
158 3187 340 3246 commissos
359 3201 468 3262 repere
489 3202 556 3244 non
572 3201 750 3261 possumus,
774 3187 842 3245 nisi
864 3184 931 3256 llos,
949 3186 1010 3261 qui

8 3301 9 3308 ἵ
109 3334 141 3385 (1)
157 3333 238 3379 serm.
258 3333 374 3397 mill.
399 3341 475 3390 super
492 3329 588 3378 cantic.
607 3341 678 3376 nnan.
697 3331 735 3377 lt.
752 3330 813 3377 tom.
831 3332 877 3376 IV.
896 3343 936 3390 op.
947 3329 1007 3378 edit.

57 3402 72 3447 P
99 3404 105 3416 '
201 3440 208 3455 .

74 3408 204 3542 malinii}
215 3483 274 3530 VII.
287 3479 320 3530 ud
328 3483 399 3530 vm.
411 3479 444 3530 ud
453 3481 531 3540 episc.
541 3492 587 3540 per
597 3478 700 3530 Italiam
709 3493 765 3540 cap.
775 3482 799 3528 2.
