<?xml version="1.0" encoding="UTF-8"?>
<!DOCTYPE html PUBLIC "-//W3C//DTD XHTML 1.0 Transitional//EN"
    "http://www.w3.org/TR/xhtml1/DTD/xhtml1-transitional.dtd">
<html xmlns="http://www.w3.org/1999/xhtml" xml:lang="en" lang="en">
 <head>
  <title>
</title>
<meta http-equiv="Content-Type" content="text/html;charset=utf-8" />
  <meta name='ocr-system' content='tesseract 3.04.00' />
  <meta name='ocr-capabilities' content='ocr_page ocr_carea ocr_par ocr_line ocrx_word'/>
</head>
<body>
  <div class='ocr_page' id='page_1' title='image "./piivipontmaxact00piusgoog_0162.png"; bbox 0 0 2514 4198; ppageno 0'>
   <div class='ocr_carea' id='block_1_1' title="bbox 431 235 609 297">
    <p class='ocr_par' dir='ltr' id='par_1_1' title="bbox 431 235 609 297">
     <span class='ocr_line' id='line_1_1' title="bbox 431 235 609 297; baseline -0.006 0"><span class='ocrx_word' id='word_1_1' title='bbox 431 235 609 297; x_wconf 81' lang='grc'><strong>-145-</strong></span> 
     </span>
    </p>
   </div>
   <div class='ocr_carea' id='block_1_2' title="bbox 6 343 1012 3217">
    <p class='ocr_par' dir='ltr' id='par_1_2' title="bbox 6 343 1012 3217">
     <span class='ocr_line' id='line_1_2' title="bbox 21 343 1000 424; baseline 0.005 -20"><span class='ocrx_word' id='word_1_2' title='bbox 21 346 221 422; x_wconf 86' lang='lat' dir='ltr'><strong>Episcopos,</strong></span> <span class='ocrx_word' id='word_1_3' title='bbox 245 361 302 420; x_wconf 87' lang='lat' dir='ltr'><strong>per</strong></span> <span class='ocrx_word' id='word_1_4' title='bbox 322 343 429 417; x_wconf 88' lang='lat' dir='ltr'><strong>laicos,</strong></span> <span class='ocrx_word' id='word_1_5' title='bbox 453 355 510 420; x_wconf 85' lang='lat' dir='ltr'><strong>per</strong></span> <span class='ocrx_word' id='word_1_6' title='bbox 534 345 734 418; x_wconf 89' lang='lat' dir='ltr'><strong>haereticos,</strong></span> <span class='ocrx_word' id='word_1_7' title='bbox 758 365 815 424; x_wconf 91' lang='lat' dir='ltr'><strong>per</strong></span> <span class='ocrx_word' id='word_1_8' title='bbox 835 347 1000 424; x_wconf 85' lang='lat' dir='ltr'><strong>infideles,</strong></span> 
     </span>
     <span class='ocr_line' id='line_1_3' title="bbox 23 436 999 517; baseline 0.005 -20"><span class='ocrx_word' id='word_1_9' title='bbox 23 445 58 497; x_wconf 89' lang='lat' dir='ltr'><strong>et</strong></span> <span class='ocrx_word' id='word_1_10' title='bbox 79 455 143 516; x_wconf 92' lang='lat' dir='ltr'><strong>per</strong></span> <span class='ocrx_word' id='word_1_11' title='bbox 164 437 298 498; x_wconf 87' lang='lat' dir='ltr'><strong>Iudaeos</strong></span> <span class='ocrx_word' id='word_1_12' title='bbox 321 436 354 494; x_wconf 95' lang='lat' dir='ltr'><strong>in</strong></span> <span class='ocrx_word' id='word_1_13' title='bbox 375 438 617 515; x_wconf 80' lang='lat' dir='ltr'><strong>municipalibus</strong></span> <span class='ocrx_word' id='word_1_14' title='bbox 638 439 844 500; x_wconf 88' lang='lat' dir='ltr'><strong>Districtibus</strong></span> <span class='ocrx_word' id='word_1_15' title='bbox 866 441 999 517; x_wconf 88' lang='lat' dir='ltr'><strong>electos,</strong></span> 
     </span>
     <span class='ocr_line' id='line_1_4' title="bbox 24 529 1002 612; baseline 0.005 -21"><span class='ocrx_word' id='word_1_16' title='bbox 24 532 133 591; x_wconf 78' lang='lat' dir='ltr'><strong>veluti</strong></span> <span class='ocrx_word' id='word_1_17' title='bbox 162 529 255 590; x_wconf 89' lang='lat' dir='ltr'><strong>edita</strong></span> <span class='ocrx_word' id='word_1_18' title='bbox 274 531 408 591; x_wconf 90' lang='lat' dir='ltr'><strong>Decreta</strong></span> <span class='ocrx_word' id='word_1_19' title='bbox 436 531 656 608; x_wconf 89' lang='lat' dir='ltr'><strong>imperabant;</strong></span> <span class='ocrx_word' id='word_1_20' title='bbox 679 532 850 610; x_wconf 89' lang='lat' dir='ltr'><strong>vidensque</strong></span> <span class='ocrx_word' id='word_1_21' title='bbox 874 534 1002 612; x_wconf 91' lang='lat' dir='ltr'><strong>insuper</strong></span> 
     </span>
     <span class='ocr_line' id='line_1_5' title="bbox 24 624 1004 703; baseline 0.003 -19"><span class='ocrx_word' id='word_1_22' title='bbox 24 626 205 685; x_wconf 82' lang='lat' dir='ltr'><strong>absurdam</strong></span> <span class='ocrx_word' id='word_1_23' title='bbox 224 625 303 683; x_wconf 92' lang='lat' dir='ltr'><strong>hanc</strong></span> <span class='ocrx_word' id='word_1_24' title='bbox 317 624 480 702; x_wconf 77' lang='lat' dir='ltr'><strong>regiminis</strong></span> <span class='ocrx_word' id='word_1_25' title='bbox 494 625 627 685; x_wconf 83' lang='lat' dir='ltr'><strong>formam</strong></span> <span class='ocrx_word' id='word_1_26' title='bbox 642 625 730 685; x_wconf 92' lang='lat' dir='ltr'><strong>uullo</strong></span> <span class='ocrx_word' id='word_1_27' title='bbox 745 626 813 685; x_wconf 91' lang='lat' dir='ltr'><strong>loco</strong></span> <span class='ocrx_word' id='word_1_28' title='bbox 828 644 918 703; x_wconf 92' lang='lat' dir='ltr'><strong>posse</strong></span> <span class='ocrx_word' id='word_1_29' title='bbox 932 629 1004 687; x_wconf 91' lang='lat' dir='ltr'><strong>sub-</strong></span> 
     </span>
     <span class='ocr_line' id='line_1_6' title="bbox 24 718 1003 795; baseline 0.002 -17"><span class='ocrx_word' id='word_1_30' title='bbox 24 720 157 792; x_wconf 77' lang='lat' dir='ltr'><strong>sistere,</strong></span> <span class='ocrx_word' id='word_1_31' title='bbox 183 736 258 777; x_wconf 91' lang='lat' dir='ltr'><strong>cnm</strong></span> <span class='ocrx_word' id='word_1_32' title='bbox 276 718 341 777; x_wconf 89' lang='lat' dir='ltr'><strong>sine</strong></span> <span class='ocrx_word' id='word_1_33' title='bbox 355 719 514 795; x_wconf 90' lang='lat' dir='ltr'><strong>Episcopis</strong></span> <span class='ocrx_word' id='word_1_34' title='bbox 528 736 616 778; x_wconf 93' lang='lat' dir='ltr'><strong>omne</strong></span> <span class='ocrx_word' id='word_1_35' title='bbox 629 719 786 780; x_wconf 78' lang='lat' dir='ltr'><strong>Ecclesiae</strong></span> <span class='ocrx_word' id='word_1_36' title='bbox 802 719 1003 782; x_wconf 79' lang='lat' dir='ltr'><strong>simulacrum</strong></span> 
     </span>
     <span class='ocr_line' id='line_1_7' title="bbox 25 810 1004 889; baseline 0.003 -17"><span class='ocrx_word' id='word_1_37' title='bbox 25 815 231 883; x_wconf 79' lang='lat' dir='ltr'><strong>evanescat,</strong></span> <span class='ocrx_word' id='word_1_38' title='bbox 260 812 297 870; x_wconf 91' lang='lat' dir='ltr'><strong>de</strong></span> <span class='ocrx_word' id='word_1_39' title='bbox 324 810 395 872; x_wconf 91' lang='lat' dir='ltr'><strong>aliis</strong></span> <span class='ocrx_word' id='word_1_40' title='bbox 423 812 523 889; x_wconf 85' lang='lat' dir='ltr'><strong>magis</strong></span> <span class='ocrx_word' id='word_1_41' title='bbox 550 812 694 872; x_wconf 81' lang='lat' dir='ltr'><strong>absurdis</strong></span> <span class='ocrx_word' id='word_1_42' title='bbox 716 814 842 874; x_wconf 88' lang='lat' dir='ltr'><strong>edendis</strong></span> <span class='ocrx_word' id='word_1_43' title='bbox 863 815 1004 876; x_wconf 74' lang='lat' dir='ltr'><strong>Decretis</strong></span> 
     </span>
     <span class='ocr_line' id='line_1_8' title="bbox 26 905 1005 984; baseline 0.004 -20"><span class='ocrx_word' id='word_1_44' title='bbox 26 905 209 984; x_wconf 79' lang='lat' dir='ltr'><strong>cogitarit,</strong></span> <span class='ocrx_word' id='word_1_45' title='bbox 224 906 477 981; x_wconf 81' lang='lat' dir='ltr'><strong>quemadmodum</strong></span> <span class='ocrx_word' id='word_1_46' title='bbox 501 905 618 967; x_wconf 85' lang='lat' dir='ltr'><strong>factum</strong></span> <span class='ocrx_word' id='word_1_47' title='bbox 640 911 690 965; x_wconf 92' lang='lat' dir='ltr'><strong>est</strong></span> <span class='ocrx_word' id='word_1_48' title='bbox 710 907 760 965; x_wconf 91' lang='lat' dir='ltr'><strong>die</strong></span> <span class='ocrx_word' id='word_1_49' title='bbox 776 907 814 966; x_wconf 87' lang='lat'><strong>15</strong></span> <span class='ocrx_word' id='word_1_50' title='bbox 834 908 868 966; x_wconf 90' lang='lat' dir='ltr'><strong>et</strong></span> <span class='ocrx_word' id='word_1_51' title='bbox 881 908 922 968; x_wconf 81' lang='lat'><strong>27</strong></span> <span class='ocrx_word' id='word_1_52' title='bbox 941 910 1005 970; x_wconf 91' lang='lat' dir='ltr'><strong>No·</strong></span> 
     </span>
     <span class='ocr_line' id='line_1_9' title="bbox 27 998 1004 1078; baseline 0.005 -20"><span class='ocrx_word' id='word_1_53' title='bbox 27 1000 186 1068; x_wconf 86' lang='lat' dir='ltr'><strong>vembris,</strong></span> <span class='ocrx_word' id='word_1_54' title='bbox 205 1001 240 1057; x_wconf 90' lang='lat' dir='ltr'><strong>et</strong></span> <span class='ocrx_word' id='word_1_55' title='bbox 262 998 369 1058; x_wconf 91' lang='lat' dir='ltr'><strong>diebus</strong></span> <span class='ocrx_word' id='word_1_56' title='bbox 382 1000 412 1070; x_wconf 81' lang='lat'><strong>3,</strong></span> <span class='ocrx_word' id='word_1_57' title='bbox 428 1002 447 1059; x_wconf 77' lang='lat'>4</span> <span class='ocrx_word' id='word_1_58' title='bbox 462 1003 496 1059; x_wconf 84' lang='lat' dir='ltr'><strong>et</strong></span> <span class='ocrx_word' id='word_1_59' title='bbox 508 1000 549 1060; x_wconf 80' lang='lat'><strong>25</strong></span> <span class='ocrx_word' id='word_1_60' title='bbox 562 998 700 1060; x_wconf 81' lang='lat' dir='ltr'><strong>Ianuarii</strong></span> <span class='ocrx_word' id='word_1_61' title='bbox 721 1000 809 1061; x_wconf 78' lang='lat'>1791.</span> <span class='ocrx_word' id='word_1_62' title='bbox 833 1002 890 1060; x_wconf 89' lang='lat' dir='ltr'><strong>His</strong></span> <span class='ocrx_word' id='word_1_63' title='bbox 911 1019 1004 1078; x_wconf 88' lang='lat' dir='ltr'><strong>porro</strong></span> 
     </span>
     <span class='ocr_line' id='line_1_10' title="bbox 30 1091 1007 1170; baseline 0.003 -18"><span class='ocrx_word' id='word_1_64' title='bbox 30 1093 196 1165; x_wconf 78' lang='lat' dir='ltr'><strong>Decretis,</strong></span> <span class='ocrx_word' id='word_1_65' title='bbox 214 1091 327 1168; x_wconf 89' lang='lat' dir='ltr'><strong>quibus</strong></span> <span class='ocrx_word' id='word_1_66' title='bbox 347 1092 475 1152; x_wconf 89' lang='lat' dir='ltr'><strong>subinde</strong></span> <span class='ocrx_word' id='word_1_67' title='bbox 496 1093 601 1170; x_wconf 85' lang='lat' dir='ltr'><strong>regiae</strong></span> <span class='ocrx_word' id='word_1_68' title='bbox 623 1093 717 1152; x_wconf 89' lang='lat' dir='ltr'><strong>etiam</strong></span> <span class='ocrx_word' id='word_1_69' title='bbox 741 1093 943 1154; x_wconf 77' lang='lat' dir='ltr'><strong>auctoritatis</strong></span> <span class='ocrx_word' id='word_1_70' title='bbox 956 1113 1007 1155; x_wconf 86' lang='lat' dir='ltr'><strong>ro-</strong></span> 
     </span>
     <span class='ocr_line' id='line_1_11' title="bbox 30 1183 1006 1262; baseline 0.002 -17"><span class='ocrx_word' id='word_1_71' title='bbox 30 1187 85 1246; x_wconf 90' lang='lat' dir='ltr'><strong>bur</strong></span> <span class='ocrx_word' id='word_1_72' title='bbox 108 1183 267 1256; x_wconf 87' lang='lat' dir='ltr'><strong>accessit,</strong></span> <span class='ocrx_word' id='word_1_73' title='bbox 282 1186 407 1244; x_wconf 90' lang='lat' dir='ltr'><strong>cautum</strong></span> <span class='ocrx_word' id='word_1_74' title='bbox 428 1190 488 1258; x_wconf 87' lang='lat' dir='ltr'><strong>est,</strong></span> <span class='ocrx_word' id='word_1_75' title='bbox 511 1192 559 1259; x_wconf 90' lang='lat' dir='ltr'><strong>ut,</strong></span> <span class='ocrx_word' id='word_1_76' title='bbox 581 1186 837 1262; x_wconf 89' lang='lat' dir='ltr'><strong>Metropolitano,</strong></span> <span class='ocrx_word' id='word_1_77' title='bbox 859 1187 928 1247; x_wconf 84' lang='lat' dir='ltr'><strong>sive</strong></span> <span class='ocrx_word' id='word_1_78' title='bbox 949 1207 1006 1249; x_wconf 91' lang='lat' dir='ltr'><strong>an-</strong></span> 
     </span>
     <span class='ocr_line' id='line_1_12' title="bbox 32 1277 1004 1357; baseline 0.001 -18"><span class='ocrx_word' id='word_1_79' title='bbox 32 1280 176 1357; x_wconf 87' lang='lat' dir='ltr'><strong>tiquiore</strong></span> <span class='ocrx_word' id='word_1_80' title='bbox 198 1277 353 1354; x_wconf 87' lang='lat' dir='ltr'><strong>Episcopo</strong></span> <span class='ocrx_word' id='word_1_81' title='bbox 375 1297 558 1338; x_wconf 87' lang='lat' dir='ltr'><strong>consecrare</strong></span> <span class='ocrx_word' id='word_1_82' title='bbox 581 1297 678 1338; x_wconf 87' lang='lat' dir='ltr'><strong>novos</strong></span> <span class='ocrx_word' id='word_1_83' title='bbox 700 1278 819 1338; x_wconf 91' lang='lat' dir='ltr'><strong>electos</strong></span> <span class='ocrx_word' id='word_1_84' title='bbox 840 1289 1004 1355; x_wconf 86' lang='lat' dir='ltr'><strong>renuente,</strong></span> 
     </span>
     <span class='ocr_line' id='line_1_13' title="bbox 34 1369 1006 1450; baseline 0.002 -17"><span class='ocrx_word' id='word_1_85' title='bbox 34 1373 171 1450; x_wconf 91' lang='lat' dir='ltr'><strong>quilibet</strong></span> <span class='ocrx_word' id='word_1_86' title='bbox 194 1369 334 1430; x_wconf 87' lang='lat' dir='ltr'><strong>alterius</strong></span> <span class='ocrx_word' id='word_1_87' title='bbox 358 1371 526 1432; x_wconf 86' lang='lat' dir='ltr'><strong>Districtus</strong></span> <span class='ocrx_word' id='word_1_88' title='bbox 547 1372 716 1450; x_wconf 83' lang='lat' dir='ltr'><strong>Episcopus</strong></span> <span class='ocrx_word' id='word_1_89' title='bbox 744 1375 865 1432; x_wconf 88' lang='lat' dir='ltr'><strong>eosdem</strong></span> <span class='ocrx_word' id='word_1_90' title='bbox 888 1374 1006 1435; x_wconf 90' lang='lat' dir='ltr'><strong>electos</strong></span> 
     </span>
     <span class='ocr_line' id='line_1_14' title="bbox 36 1465 1007 1546; baseline 0.002 -20"><span class='ocrx_word' id='word_1_91' title='bbox 36 1467 251 1527; x_wconf 86' lang='lat' dir='ltr'><strong>consecraret.</strong></span> <span class='ocrx_word' id='word_1_92' title='bbox 268 1465 454 1539; x_wconf 90' lang='lat' dir='ltr'><strong>Quinimmo,</strong></span> <span class='ocrx_word' id='word_1_93' title='bbox 471 1472 508 1526; x_wconf 92' lang='lat' dir='ltr'><strong>ut</strong></span> <span class='ocrx_word' id='word_1_94' title='bbox 520 1485 583 1527; x_wconf 91' lang='lat' dir='ltr'><strong>uua</strong></span> <span class='ocrx_word' id='word_1_95' title='bbox 596 1484 702 1544; x_wconf 88' lang='lat' dir='ltr'><strong>opera,</strong></span> <span class='ocrx_word' id='word_1_96' title='bbox 720 1484 839 1545; x_wconf 91' lang='lat' dir='ltr'><strong>unoque</strong></span> <span class='ocrx_word' id='word_1_97' title='bbox 856 1467 1007 1546; x_wconf 88' lang='lat' dir='ltr'><strong>temporis</strong></span> 
     </span>
     <span class='ocr_line' id='line_1_15' title="bbox 6 1559 1007 1637; baseline 0.003 -19"><span class='ocrx_word' id='word_1_98' title='bbox 6 1591 8 1598; x_wconf 86' lang='lat'><em>·</em></span> <span class='ocrx_word' id='word_1_99' title='bbox 43 1562 225 1631; x_wconf 86' lang='lat' dir='ltr'><strong>momento,</strong></span> <span class='ocrx_word' id='word_1_100' title='bbox 248 1575 354 1617; x_wconf 90' lang='lat' dir='ltr'><strong>omnes</strong></span> <span class='ocrx_word' id='word_1_101' title='bbox 381 1559 470 1636; x_wconf 92' lang='lat' dir='ltr'><strong>probi</strong></span> <span class='ocrx_word' id='word_1_102' title='bbox 497 1559 668 1637; x_wconf 85' lang='lat' dir='ltr'><strong>Episcopi,</strong></span> <span class='ocrx_word' id='word_1_103' title='bbox 691 1576 855 1635; x_wconf 90' lang='lat' dir='ltr'><strong>omnesque</strong></span> <span class='ocrx_word' id='word_1_104' title='bbox 884 1559 1007 1636; x_wconf 89' lang='lat' dir='ltr'><strong>pariter</strong></span> 
     </span>
     <span class='ocr_line' id='line_1_16' title="bbox 45 1651 1006 1730; baseline 0.001 -18"><span class='ocrx_word' id='word_1_105' title='bbox 45 1654 170 1714; x_wconf 89' lang='lat' dir='ltr'><strong>Parochi</strong></span> <span class='ocrx_word' id='word_1_106' title='bbox 189 1697 200 1726; x_wconf 94' lang='lat'><strong>,</strong></span> <span class='ocrx_word' id='word_1_107' title='bbox 222 1651 377 1712; x_wconf 87' lang='lat' dir='ltr'><strong>catholica</strong></span> <span class='ocrx_word' id='word_1_108' title='bbox 397 1651 563 1730; x_wconf 86' lang='lat' dir='ltr'><strong>Religione</strong></span> <span class='ocrx_word' id='word_1_109' title='bbox 584 1652 726 1726; x_wconf 84' lang='lat' dir='ltr'><strong>incensi,</strong></span> <span class='ocrx_word' id='word_1_110' title='bbox 750 1652 1006 1729; x_wconf 86' lang='lat' dir='ltr'><strong>dispellerentur,</strong></span> 
     </span>
     <span class='ocr_line' id='line_1_17' title="bbox 44 1745 1009 1823; baseline -0.002 -16"><span class='ocrx_word' id='word_1_111' title='bbox 44 1751 164 1807; x_wconf 85' lang='lat' dir='ltr'><strong>cautum</strong></span> <span class='ocrx_word' id='word_1_112' title='bbox 188 1747 358 1822; x_wconf 84' lang='lat' dir='ltr'><strong>praeterea</strong></span> <span class='ocrx_word' id='word_1_113' title='bbox 378 1749 439 1819; x_wconf 92' lang='lat' dir='ltr'><strong>est,</strong></span> <span class='ocrx_word' id='word_1_114' title='bbox 463 1752 498 1806; x_wconf 90' lang='lat' dir='ltr'><strong>ut</strong></span> <span class='ocrx_word' id='word_1_115' title='bbox 519 1762 588 1805; x_wconf 90' lang='lat' dir='ltr'><strong>cum</strong></span> <span class='ocrx_word' id='word_1_116' title='bbox 610 1745 717 1823; x_wconf 87' lang='lat' dir='ltr'><strong>primi,</strong></span> <span class='ocrx_word' id='word_1_117' title='bbox 733 1750 800 1807; x_wconf 88' lang='lat' dir='ltr'><strong>tum</strong></span> <span class='ocrx_word' id='word_1_118' title='bbox 815 1745 941 1805; x_wconf 91' lang='lat' dir='ltr'><strong>secundi</strong></span> <span class='ocrx_word' id='word_1_119' title='bbox 955 1763 1009 1805; x_wconf 86' lang='lat' dir='ltr'><strong>or·</strong></span> 
     </span>
     <span class='ocr_line' id='line_1_18' title="bbox 40 1837 1007 1918; baseline 0 -20"><span class='ocrx_word' id='word_1_120' title='bbox 40 1840 118 1900; x_wconf 89' lang='lat' dir='ltr'><strong>dinis</strong></span> <span class='ocrx_word' id='word_1_121' title='bbox 129 1841 288 1900; x_wconf 89' lang='lat' dir='ltr'><strong>Pastores</strong></span> <span class='ocrx_word' id='word_1_122' title='bbox 304 1857 409 1899; x_wconf 88' lang='lat' dir='ltr'><strong>omnes</strong></span> <span class='ocrx_word' id='word_1_123' title='bbox 422 1841 539 1916; x_wconf 79' lang='lat' dir='ltr'><strong>absque</strong></span> <span class='ocrx_word' id='word_1_124' title='bbox 550 1840 732 1900; x_wconf 79' lang='lat' dir='ltr'><strong>adiectione</strong></span> <span class='ocrx_word' id='word_1_125' title='bbox 746 1837 791 1918; x_wconf 91' lang='grc'><strong>(1)</strong></span> <span class='ocrx_word' id='word_1_126' title='bbox 802 1839 959 1912; x_wconf 89' lang='lat' dir='ltr'><strong>iurarent,</strong></span> <span class='ocrx_word' id='word_1_127' title='bbox 974 1856 1007 1898; x_wconf 90' lang='lat' dir='ltr'><strong>se</strong></span> 
     </span>
     <span class='ocr_line' id='line_1_19' title="bbox 39 1931 1008 2011; baseline -0.004 -17"><span class='ocrx_word' id='word_1_128' title='bbox 39 1932 328 2006; x_wconf 78' lang='lat' dir='ltr'><strong>(lonstitutionem,¹</strong></span> <span class='ocrx_word' id='word_1_129' title='bbox 342 1951 421 2010; x_wconf 89' lang='lat' dir='ltr'><strong>quae</strong></span> <span class='ocrx_word' id='word_1_130' title='bbox 442 1933 505 1994; x_wconf 86' lang='lat' dir='ltr'><strong>iam</strong></span> <span class='ocrx_word' id='word_1_131' title='bbox 526 1933 612 1994; x_wconf 91' lang='lat' dir='ltr'><strong>edita</strong></span> <span class='ocrx_word' id='word_1_132' title='bbox 632 1934 725 2007; x_wconf 90' lang='lat' dir='ltr'><strong>esset,</strong></span> <span class='ocrx_word' id='word_1_133' title='bbox 741 1950 880 2011; x_wconf 87' lang='lat' dir='ltr'><strong>quaeque</strong></span> <span class='ocrx_word' id='word_1_134' title='bbox 899 1931 932 1990; x_wconf 90' lang='lat' dir='ltr'><strong>in</strong></span> <span class='ocrx_word' id='word_1_135' title='bbox 954 1951 1008 2010; x_wconf 95' lang='lat' dir='ltr'><strong>po-</strong></span> 
     </span>
     <span class='ocr_line' id='line_1_20' title="bbox 40 2027 1009 2103; baseline 0 -17"><span class='ocrx_word' id='word_1_136' title='bbox 40 2034 159 2088; x_wconf 89' lang='lat' dir='ltr'><strong>sterum</strong></span> <span class='ocrx_word' id='word_1_137' title='bbox 186 2027 349 2098; x_wconf 86' lang='lat' dir='ltr'><strong>ederetur,</strong></span> <span class='ocrx_word' id='word_1_138' title='bbox 371 2029 573 2098; x_wconf 80' lang='lat' dir='ltr'><strong>servaturos3</strong></span> <span class='ocrx_word' id='word_1_139' title='bbox 588 2027 641 2103; x_wconf 91' lang='lat' dir='ltr'><strong>qni</strong></span> <span class='ocrx_word' id='word_1_140' title='bbox 657 2027 809 2088; x_wconf 90' lang='lat' dir='ltr'><strong>autemid</strong></span> <span class='ocrx_word' id='word_1_141' title='bbox 825 2028 1009 2086; x_wconf 87' lang='lat' dir='ltr'><strong>constanter</strong></span> 
     </span>
     <span class='ocr_line' id='line_1_21' title="bbox 40 2117 1008 2195; baseline 0.002 -18"><span class='ocrx_word' id='word_1_142' title='bbox 40 2120 273 2192; x_wconf 87' lang='lat' dir='ltr'><strong>detrectarent,</strong></span> <span class='ocrx_word' id='word_1_143' title='bbox 295 2117 319 2177; x_wconf 91' lang='lat' dir='ltr'><strong>ii</strong></span> <span class='ocrx_word' id='word_1_144' title='bbox 341 2136 401 2177; x_wconf 93' lang='lat' dir='ltr'><strong>non</strong></span> <span class='ocrx_word' id='word_1_145' title='bbox 423 2136 511 2178; x_wconf 91' lang='lat' dir='ltr'><strong>secus</strong></span> <span class='ocrx_word' id='word_1_146' title='bbox 532 2119 737 2195; x_wconf 86' lang='lat' dir='ltr'><strong>haberentur,</strong></span> <span class='ocrx_word' id='word_1_147' title='bbox 759 2139 796 2180; x_wconf 90' lang='lat' dir='ltr'><strong>ac</strong></span> <span class='ocrx_word' id='word_1_148' title='bbox 817 2121 844 2180; x_wconf 91' lang='lat' dir='ltr'><strong>si</strong></span> <span class='ocrx_word' id='word_1_149' title='bbox 866 2123 1008 2180; x_wconf 87' lang='lat' dir='ltr'><strong>esseute</strong></span> 
     </span>
     <span class='ocr_line' id='line_1_22' title="bbox 40 2211 1007 2291; baseline -0.001 -18"><span class='ocrx_word' id='word_1_150' title='bbox 40 2232 87 2273; x_wconf 87' lang='lat' dir='ltr'><strong>sno</strong></span> <span class='ocrx_word' id='word_1_151' title='bbox 112 2215 220 2291; x_wconf 86' lang='lat' dir='ltr'><strong>gradu</strong></span> <span class='ocrx_word' id='word_1_152' title='bbox 244 2211 369 2287; x_wconf 86' lang='lat' dir='ltr'><strong>deiecti,</strong></span> <span class='ocrx_word' id='word_1_153' title='bbox 392 2228 560 2288; x_wconf 90' lang='lat' dir='ltr'><strong>eorumque</strong></span> <span class='ocrx_word' id='word_1_154' title='bbox 582 2212 688 2286; x_wconf 90' lang='lat' dir='ltr'><strong>Sedes,</strong></span> <span class='ocrx_word' id='word_1_155' title='bbox 704 2215 737 2272; x_wconf 91' lang='lat' dir='ltr'><strong>et</strong></span> <span class='ocrx_word' id='word_1_156' title='bbox 758 2212 930 2273; x_wconf 89' lang='lat' dir='ltr'><strong>Parochiae</strong></span> <span class='ocrx_word' id='word_1_157' title='bbox 952 2230 1007 2272; x_wconf 92' lang='lat' dir='ltr'><strong>suo</strong></span> 
     </span>
     <span class='ocr_line' id='line_1_23' title="bbox 38 2304 1009 2382; baseline 0.002 -18"><span class='ocrx_word' id='word_1_158' title='bbox 38 2308 173 2367; x_wconf 86' lang='lat' dir='ltr'><strong>Pastore</strong></span> <span class='ocrx_word' id='word_1_159' title='bbox 197 2307 356 2378; x_wconf 71' lang='lat' dir='ltr'><strong>carerent,</strong></span> <span class='ocrx_word' id='word_1_160' title='bbox 379 2305 532 2382; x_wconf 84' lang='lat' dir='ltr'><strong>legitimis</strong></span> <span class='ocrx_word' id='word_1_161' title='bbox 553 2307 659 2364; x_wconf 92' lang='lat' dir='ltr'><strong>autem</strong></span> <span class='ocrx_word' id='word_1_162' title='bbox 679 2304 868 2366; x_wconf 77' lang='lat' dir='ltr'><strong>Pectoribus</strong></span> <span class='ocrx_word' id='word_1_163' title='bbox 889 2310 923 2367; x_wconf 90' lang='lat' dir='ltr'><strong>et</strong></span> <span class='ocrx_word' id='word_1_164' title='bbox 942 2305 1009 2366; x_wconf 91' lang='lat' dir='ltr'><strong>Mi-</strong></span> 
     </span>
     <span class='ocr_line' id='line_1_24' title="bbox 41 2385 1010 2474; baseline -0.001 -17"><span class='ocrx_word' id='word_1_165' title='bbox 41 2399 152 2461; x_wconf 89' lang='lat' dir='ltr'><strong>nistris</strong></span> <span class='ocrx_word' id='word_1_166' title='bbox 175 2385 319 2474; x_wconf 84' lang='lat' dir='ltr'><strong>pervim</strong></span> <span class='ocrx_word' id='word_1_167' title='bbox 341 2397 436 2458; x_wconf 88' lang='lat' dir='ltr'><strong>etiam</strong></span> <span class='ocrx_word' id='word_1_168' title='bbox 458 2397 609 2474; x_wconf 81' lang='lat' dir='ltr'><strong>expulsis,</strong></span> <span class='ocrx_word' id='word_1_169' title='bbox 624 2397 749 2458; x_wconf 89' lang='lat' dir='ltr'><strong>licitum</strong></span> <span class='ocrx_word' id='word_1_170' title='bbox 771 2403 855 2459; x_wconf 89' lang='lat' dir='ltr'><strong>esset</strong></span> <span class='ocrx_word' id='word_1_171' title='bbox 875 2398 1010 2458; x_wconf 85' lang='lat' dir='ltr'><strong>munici-</strong></span> 
     </span>
     <span class='ocr_line' id='line_1_25' title="bbox 39 2487 1011 2568; baseline -0.004 -16"><span class='ocrx_word' id='word_1_172' title='bbox 39 2493 165 2568; x_wconf 88' lang='lat' dir='ltr'><strong>palibus</strong></span> <span class='ocrx_word' id='word_1_173' title='bbox 187 2487 390 2550; x_wconf 89' lang='lat' dir='ltr'><strong>Districtibus</strong></span> <span class='ocrx_word' id='word_1_174' title='bbox 412 2491 449 2551; x_wconf 90' lang='lat' dir='ltr'><strong>ad</strong></span> <span class='ocrx_word' id='word_1_175' title='bbox 466 2489 651 2550; x_wconf 88' lang='lat' dir='ltr'><strong>electionem</strong></span> <span class='ocrx_word' id='word_1_176' title='bbox 674 2507 827 2550; x_wconf 88' lang='lat' dir='ltr'><strong>novorum</strong></span> <span class='ocrx_word' id='word_1_177' title='bbox 844 2489 1011 2567; x_wconf 88' lang='lat' dir='ltr'><strong>Episcopo-</strong></span> 
     </span>
     <span class='ocr_line' id='line_1_26' title="bbox 41 2582 1011 2660; baseline -0.001 -17"><span class='ocrx_word' id='word_1_178' title='bbox 41 2603 108 2645; x_wconf 89' lang='lat' dir='ltr'><strong>rum</strong></span> <span class='ocrx_word' id='word_1_179' title='bbox 131 2587 169 2644; x_wconf 90' lang='lat' dir='ltr'><strong>et</strong></span> <span class='ocrx_word' id='word_1_180' title='bbox 190 2582 404 2643; x_wconf 88' lang='lat' dir='ltr'><strong>Parochorum</strong></span> <span class='ocrx_word' id='word_1_181' title='bbox 418 2584 604 2660; x_wconf 87' lang='lat' dir='ltr'><strong>procedere;</strong></span> <span class='ocrx_word' id='word_1_182' title='bbox 621 2583 654 2643; x_wconf 92' lang='lat' dir='ltr'><strong>hi</strong></span> <span class='ocrx_word' id='word_1_183' title='bbox 670 2601 746 2643; x_wconf 86' lang='lat' dir='ltr'><strong>vero</strong></span> <span class='ocrx_word' id='word_1_184' title='bbox 760 2583 867 2656; x_wconf 90' lang='lat' dir='ltr'><strong>electi,</strong></span> <span class='ocrx_word' id='word_1_185' title='bbox 882 2583 1011 2658; x_wconf 88' lang='lat' dir='ltr'><strong>postha-</strong></span> 
     </span>
     <span class='ocr_line' id='line_1_27' title="bbox 42 2673 1011 2754; baseline -0.002 -19"><span class='ocrx_word' id='word_1_186' title='bbox 42 2678 117 2739; x_wconf 89' lang='lat' dir='ltr'><strong>bitis</strong></span> <span class='ocrx_word' id='word_1_187' title='bbox 140 2674 414 2754; x_wconf 88' lang='lat' dir='ltr'><strong>Metropolitanis,</strong></span> <span class='ocrx_word' id='word_1_188' title='bbox 437 2679 470 2735; x_wconf 85' lang='lat' dir='ltr'><strong>et</strong></span> <span class='ocrx_word' id='word_1_189' title='bbox 491 2675 722 2752; x_wconf 89' lang='lat' dir='ltr'><strong>antiquioribus</strong></span> <span class='ocrx_word' id='word_1_190' title='bbox 742 2674 932 2753; x_wconf 89' lang='lat' dir='ltr'><strong>Episcopis,</strong></span> <span class='ocrx_word' id='word_1_191' title='bbox 956 2673 1011 2751; x_wconf 91' lang='lat' dir='ltr'><strong>qui</strong></span> 
     </span>
     <span class='ocr_line' id='line_1_28' title="bbox 41 2767 1010 2847; baseline -0.002 -19"><span class='ocrx_word' id='word_1_192' title='bbox 41 2770 258 2832; x_wconf 86' lang='lat' dir='ltr'><strong>iuramentum</strong></span> <span class='ocrx_word' id='word_1_193' title='bbox 278 2769 405 2828; x_wconf 90' lang='lat' dir='ltr'><strong>minime</strong></span> <span class='ocrx_word' id='word_1_194' title='bbox 420 2769 667 2847; x_wconf 86' lang='lat' dir='ltr'><strong>praestitissent,</strong></span> <span class='ocrx_word' id='word_1_195' title='bbox 683 2768 903 2830; x_wconf 81' lang='lat' dir='ltr'><strong>Dircctoriam</strong></span> <span class='ocrx_word' id='word_1_196' title='bbox 922 2767 1010 2829; x_wconf 90' lang='lat' dir='ltr'><strong>adire</strong></span> 
     </span>
     <span class='ocr_line' id='line_1_29' title="bbox 43 2862 1011 2942; baseline -0.004 -17"><span class='ocrx_word' id='word_1_197' title='bbox 43 2865 209 2937; x_wconf 86' lang='lat' dir='ltr'><strong>deberent,</strong></span> <span class='ocrx_word' id='word_1_198' title='bbox 225 2862 276 2922; x_wconf 92' lang='lat' dir='ltr'><strong>cui</strong></span> <span class='ocrx_word' id='word_1_199' title='bbox 291 2880 385 2922; x_wconf 88' lang='lat' dir='ltr'><strong>curae</strong></span> <span class='ocrx_word' id='word_1_200' title='bbox 402 2868 487 2924; x_wconf 90' lang='lat' dir='ltr'><strong>esset</strong></span> <span class='ocrx_word' id='word_1_201' title='bbox 507 2862 701 2940; x_wconf 79' lang='lat' dir='ltr'><strong>Episcopum</strong></span> <span class='ocrx_word' id='word_1_202' title='bbox 715 2879 946 2942; x_wconf 79' lang='lat' dir='ltr'><strong>quemcumque</strong></span> <span class='ocrx_word' id='word_1_203' title='bbox 959 2863 1011 2922; x_wconf 90' lang='lat' dir='ltr'><strong>de·</strong></span> 
     </span>
     <span class='ocr_line' id='line_1_30' title="bbox 44 2956 854 3037; baseline 0 -20"><span class='ocrx_word' id='word_1_204' title='bbox 44 2959 187 3037; x_wconf 81' lang='lat' dir='ltr'><strong>signare,</strong></span> <span class='ocrx_word' id='word_1_205' title='bbox 201 2957 241 3017; x_wconf 86' lang='lat' dir='ltr'><strong>ad</strong></span> <span class='ocrx_word' id='word_1_206' title='bbox 255 2956 329 3016; x_wconf 89' lang='lat' dir='ltr'><strong>illos</strong></span> <span class='ocrx_word' id='word_1_207' title='bbox 343 2957 570 3018; x_wconf 87' lang='lat' dir='ltr'><strong>confirmandos</strong></span> <span class='ocrx_word' id='word_1_208' title='bbox 584 2961 618 3015; x_wconf 89' lang='lat' dir='ltr'><strong>et</strong></span> <span class='ocrx_word' id='word_1_209' title='bbox 631 2956 854 3018; x_wconf 89' lang='lat' dir='ltr'><strong>instituendos.</strong></span> 
     </span>
     <span class='ocr_line' id='line_1_31' title="bbox 102 3047 1010 3127; baseline -0.009 -14"><span class='ocrx_word' id='word_1_210' title='bbox 102 3049 287 3112; x_wconf 87' lang='lat' dir='ltr'><strong>Istiusmodi</strong></span> <span class='ocrx_word' id='word_1_211' title='bbox 308 3050 453 3122; x_wconf 87' lang='lat' dir='ltr'><strong>Decreta,</strong></span> <span class='ocrx_word' id='word_1_212' title='bbox 476 3048 633 3126; x_wconf 87' lang='lat' dir='ltr'><strong>posterius</strong></span> <span class='ocrx_word' id='word_1_213' title='bbox 654 3049 751 3122; x_wconf 90' lang='lat' dir='ltr'><strong>edita,</strong></span> <span class='ocrx_word' id='word_1_214' title='bbox 768 3066 863 3127; x_wconf 92' lang='lat' dir='ltr'><strong>snpra</strong></span> <span class='ocrx_word' id='word_1_215' title='bbox 883 3047 1010 3107; x_wconf 91' lang='lat' dir='ltr'><strong>modum</strong></span> 
     </span>
     <span class='ocr_line' id='line_1_32' title="bbox 47 3140 1012 3217; baseline -0.004 -14"><span class='ocrx_word' id='word_1_216' title='bbox 47 3161 126 3204; x_wconf 79' lang='lat' dir='ltr'><strong>noro</strong></span> <span class='ocrx_word' id='word_1_217' title='bbox 147 3142 289 3204; x_wconf 88' lang='lat' dir='ltr'><strong>animum</strong></span> <span class='ocrx_word' id='word_1_218' title='bbox 309 3141 458 3203; x_wconf 91' lang='lat' dir='ltr'><strong>Nostrum</strong></span> <span class='ocrx_word' id='word_1_219' title='bbox 480 3140 587 3200; x_wconf 90' lang='lat' dir='ltr'><strong>dolore</strong></span> <span class='ocrx_word' id='word_1_220' title='bbox 609 3141 822 3217; x_wconf 89' lang='lat' dir='ltr'><strong>perculerunt,</strong></span> <span class='ocrx_word' id='word_1_221' title='bbox 843 3143 1012 3204; x_wconf 90' lang='lat' dir='ltr'><strong>Nostrum·</strong></span> 
     </span>
    </p>
   </div>
   <div class='ocr_carea' id='block_1_3' title="bbox 48 3305 1014 3585">
    <p class='ocr_par' dir='ltr' id='par_1_3' title="bbox 48 3305 1014 3585">
     <span class='ocr_line' id='line_1_33' title="bbox 106 3305 1014 3369; baseline -0.004 -11"><span class='ocrx_word' id='word_1_222' title='bbox 106 3314 146 3369; x_wconf 83' lang='grc'><strong>(1)</strong></span> <span class='ocrx_word' id='word_1_223' title='bbox 158 3312 192 3358; x_wconf 89' lang='lat' dir='ltr'><strong>In</strong></span> <span class='ocrx_word' id='word_1_224' title='bbox 201 3309 362 3358; x_wconf 77' lang='lat' dir='ltr'><strong>Editionibua</strong></span> <span class='ocrx_word' id='word_1_225' title='bbox 373 3321 432 3358; x_wconf 82' lang='lat' dir='ltr'><strong>auu.</strong></span> <span class='ocrx_word' id='word_1_226' title='bbox 445 3307 728 3367; x_wconf 63' lang='lat' dir='ltr'><strong>trassucconem</strong></span> <span class='ocrx_word' id='word_1_227' title='bbox 743 3305 920 3356; x_wconf 72' lang='lat' dir='ltr'><strong>retricta&#39;oae:</strong></span> <span class='ocrx_word' id='word_1_228' title='bbox 937 3317 1014 3365; x_wconf 81' lang='lat' dir='ltr'><strong>prae-</strong></span> 
     </span>
     <span class='ocr_line' id='line_1_34' title="bbox 48 3383 1013 3442; baseline -0.002 -10"><span class='ocrx_word' id='word_1_229' title='bbox 48 3386 170 3434; x_wconf 80' lang='lat' dir='ltr'><strong>lercndns</strong></span> <span class='ocrx_word' id='word_1_230' title='bbox 180 3387 265 3434; x_wconf 83' lang='lat' dir='ltr'><strong>antam</strong></span> <span class='ocrx_word' id='word_1_231' title='bbox 274 3385 347 3434; x_wconf 85' lang='lat' dir='ltr'><strong>visus</strong></span> <span class='ocrx_word' id='word_1_232' title='bbox 356 3387 396 3433; x_wconf 89' lang='lat' dir='ltr'><strong>est</strong></span> <span class='ocrx_word' id='word_1_233' title='bbox 404 3385 498 3442; x_wconf 83' lang='lat' dir='ltr'><strong>textus,</strong></span> <span class='ocrx_word' id='word_1_234' title='bbox 509 3396 584 3442; x_wconf 82' lang='lat' dir='ltr'><strong>quem</strong></span> <span class='ocrx_word' id='word_1_235' title='bbox 601 3383 680 3430; x_wconf 84' lang='lat' dir='ltr'><strong>edidit</strong></span> <span class='ocrx_word' id='word_1_236' title='bbox 701 3397 743 3432; x_wconf 87' lang='lat' dir='ltr'><strong>sn.</strong></span> <span class='ocrx_word' id='word_1_237' title='bbox 756 3384 817 3432; x_wconf 75' lang='grc'><strong>1857</strong></span> <span class='ocrx_word' id='word_1_238' title='bbox 838 3384 870 3432; x_wconf 86' lang='lat' dir='ltr'><strong>cl.</strong></span> <span class='ocrx_word' id='word_1_239' title='bbox 882 3386 911 3431; x_wconf 82' lang='grc' dir='ltr'><strong>Ρ.</strong></span> <span class='ocrx_word' id='word_1_240' title='bbox 922 3383 1013 3440; x_wconf 72' lang='lat' dir='ltr'><strong>Augu·</strong></span> 
     </span>
     <span class='ocr_line' id='line_1_35' title="bbox 49 3453 1014 3518; baseline -0.008 -7"><span class='ocrx_word' id='word_1_241' title='bbox 49 3465 132 3511; x_wconf 73' lang='lat' dir='ltr'><strong>adnue</strong></span> <span class='ocrx_word' id='word_1_242' title='bbox 141 3461 253 3510; x_wconf 75' lang='lat' dir='ltr'><strong>&#39;rheinar</strong></span> <span class='ocrx_word' id='word_1_243' title='bbox 261 3461 410 3510; x_wconf 75' lang='lat' dir='ltr'><strong>Praefectus</strong></span> <span class='ocrx_word' id='word_1_244' title='bbox 419 3459 526 3508; x_wconf 72' lang='lat' dir='ltr'><strong>archivi</strong></span> <span class='ocrx_word' id='word_1_245' title='bbox 543 3459 635 3508; x_wconf 83' lang='lat' dir='ltr'><strong>secreti</strong></span> <span class='ocrx_word' id='word_1_246' title='bbox 653 3459 781 3518; x_wconf 83' lang='lat' dir='ltr'><strong>Vaticani,</strong></span> <span class='ocrx_word' id='word_1_247' title='bbox 792 3459 837 3507; x_wconf 89' lang='lat' dir='ltr'><strong>nbi</strong></span> <span class='ocrx_word' id='word_1_248' title='bbox 852 3458 946 3518; x_wconf 74' lang='lat' dir='ltr'><strong>legitur</strong></span> <span class='ocrx_word' id='word_1_249' title='bbox 962 3453 1014 3504; x_wconf 84' lang='lat' dir='ltr'><strong>ad-</strong></span> 
     </span>
     <span class='ocr_line' id='line_1_36' title="bbox 49 3536 175 3585; baseline -0.008 -2"><span class='ocrx_word' id='word_1_250' title='bbox 49 3536 175 3585; x_wconf 75' lang='lat' dir='ltr'><strong>tectione.</strong></span> 
     </span>
    </p>
   </div>
   <div class='ocr_carea' id='block_1_4' title="bbox 149 3641 922 3694">
    <p class='ocr_par' dir='ltr' id='par_1_4' title="bbox 149 3641 922 3694">
     <span class='ocr_line' id='line_1_37' title="bbox 149 3641 922 3694; baseline -0.003 -2"><span class='ocrx_word' id='word_1_251' title='bbox 149 3641 209 3694; x_wconf 81' lang='lat' dir='ltr'><strong>Vol.</strong></span> <span class='ocrx_word' id='word_1_252' title='bbox 227 3642 253 3693; x_wconf 91' lang='grc' dir='ltr'><strong>Ι.</strong></span> <span class='ocrx_word' id='word_1_253' title='bbox 891 3645 922 3691; x_wconf 84' lang='grc'><strong>10</strong></span> 
     </span>
    </p>
   </div>
   <div class='ocr_carea' id='block_1_5' title="bbox 0 0 1285 4198">
    <p class='ocr_par' dir='ltr' id='par_1_5' title="bbox 0 0 1285 4198">
     <span class='ocr_line' id='line_1_38' title="bbox 0 0 1285 4198; baseline 0 0"><span class='ocrx_word' id='word_1_254' title='bbox 0 0 1285 4198; x_wconf 95' lang='lat' dir='ltr'><strong> </strong></span> 
     </span>
    </p>
   </div>
  </div>
 </body>
</html>
