2498 4200
435 185 614 247 -161-

53 297 145 352 strum
165 290 270 350 locum
293 289 474 367 subingredi
495 291 674 364 enituntur,
698 309 759 352 non
781 292 845 353 alio
863 293 1006 368 consilio,

52 384 105 446 nisi
127 389 163 444 ιιι
182 383 304 444 animas
325 385 460 461 perdant
480 385 614 445 Vestrae
636 401 728 445 curae
751 386 959 462 concreditas,
975 389 1008 447 et

53 481 85 538 de
98 496 229 556 querum
244 476 348 538 salute
361 476 454 537 eritis
468 477 623 538 rationem
638 477 809 540 reddituri.

106 573 169 631 uos
195 570 274 630 sum
303 569 517 646 alloquimur,
543 570 658 632 naraon
685 556 781 652 Filii,
809 573 1006 650 sacerdotes,

52 670 160 746 aliique
182 667 341 728 Gallicani
352 667 447 730 'Cleri
468 669 623 743 Ministri,
639 670 737 747 quiin
753 675 869 732 sortem
884 673 1008 734 Domini

53 762 164 837 vocati,
180 762 301 822 debetis
315 762 440 822 Vestris
455 763 610 840 legitimis
625 765 807 826 Pastoribus
821 767 1007 842 adhaerere,

52 860 80 917 et
99 875 167 916 esse
187 856 221 915 in
243 854 326 926 fide,
348 872 384 916 sc
405 855 548 917 doctrina
573 859 773 933 constantes3
795 859 906 936 quibus
927 861 1008 925 nihil

51 969 112 1010 csse
136 950 231 1010 debet
255 949 439 1026 antiquius,
468 968 560 1026 quam
589 955 626 1013 ut
651 952 819 1030 sacrilegos
848 955 1010 1018 invasores

52 1029 170 1115 ¹vitetis,
185 1060 222 1102 ao
236 1040 423 1120 reprobetis.
579 1101 581 1106 ,

106 1138 173 1197 Vos
197 1141 302 1196 autem
331 1134 363 1194 in
384 1136 523 1208 ,Domino
553 1136 769 1210 obtestemur,
797 1138 911 1200 Dilecti
931 1139 1009 1201 Filii

51 1227 215 1300 Catholici,
238 1228 338 1306 quiin
353 1231 464 1305 Regno
479 1229 655 1291 Galliarum
680 1229 758 1291 estis
780 1230 933 1306 universi,
949 1233 1011 1292 Vo-

53 1323 155 1400 blsque
178 1320 387 1400 Religionem,
410 1338 445 1382 ao
466 1320 556 1382 fidem
579 1324 711 1383 Petrum
727 1324 913 1385 Vestrorum
928 1343 1011 1385 com·

53 1418 280 1488 memorantes,
302 1414 416 1475 intimo
438 1414 540 1475 cordis
561 1415 674 1475 affectu
696 1415 882 1490 suademus,
909 1436 947 1477 ne
972 1419 1010 1479 ab

56 1512 102 1572 illa
122 1508 426 1586 secedatisaquippe
448 1527 525 1586 quae
549 1526 610 1568 uua
630 1511 691 1583 est,
714 1527 750 1570 ac
772 1527 850 1572 vers
870 1511 1010 1598 Religip,

60 1623 124 1680 quse
146 1609 183 1664 et
204 1602 304 1662 vitam
325 1607 485 1664 aeternam
508 1601 659 1680 largitur,
675 1606 709 1662 et
723 1602 834 1663 civiles
855 1603 949 1664 etiam
965 1623 1013 1665 so-

60 1699 181 1760 cietates
203 1696 348 1774 sospitat,
365 1699 458 1774 atque
473 1696 626 1757 fortunat.
645 1698 762 1759 cavete
776 1696 959 1775 diligenter,
974 1719 1012 1760 ne

56 1811 140 1853 sures
160 1789 339 1868 praebeatis
353 1789 512 1850 insidiosis
527 1790 652 1851 vocibus
667 1789 879 1869 philosophiae
894 1793 1012 1853 saeculi
1055 1855 1057 1862 ,

57 1892 155 1964 buius,
171 1905 251 1966 quse
264 1891 397 1948 mortem
421 1891 549 1965 parant3
571 1893 605 1950 et
625 1888 789 1950 invasores
811 1906 928 1962 omnes,
944 1890 1012 1951 sive

56 1981 297 2061 Archiepiscopi,
314 1981 379 2041 sive
401 1983 534 2042 Paroohi
555 1982 768 2060 appellentur,
791 1982 838 2043 ite
858 1983 1012 2058 devitate,

59 2083 88 2140 nt
106 2077 188 2139 nihil
211 2093 279 2135 cum
301 2075 368 2135 illis
388 2074 432 2135 sit
452 2075 549 2136 Vobis
574 2093 748 2150 commune,
771 2077 958 2163 praesertim
980 2077 1012 2137 in

60 2173 180 2246 divinis,
196 2170 412 2232 auscultantes
432 2169 553 2232 assidue
567 2171 783 2249 legitimorum
798 2189 889 2231 uoces
903 2171 1016 2232 Pasto-

55 2286 130 2341 rum,
155 2265 209 2342 qui
234 2264 348 2324 vivunt
368 2266 481 2337 adhuc,
503 2264 616 2342 quique
637 2265 734 2324 Vobis
755 2265 902 2326 canonice
924 2284 1013 2344 prae·

54 2361 199 2420 finientur
211 2360 242 2419 in
255 2360 426 2434 posterum3
440 2371 501 2418 uno
514 2359 645 2436 denique
668 2358 777 2431 verbo,
790 2360 888 2422 Nobis
899 2361 1016 2420 adhae-

54 2460 131 2530 rete,
148 2473 240 2514 nemo
261 2454 345 2514 enim
366 2455 398 2513 in
420 2453 560 2514 Ecclesia
585 2453 704 2516 Christi
729 2457 834 2530 potest
859 2471 937 2529 esse,
954 2455 1016 2516 nisi

52 2549 156 2627 Capiti
178 2548 277 2626 ipsius
301 2547 422 2608 visibili
452 2548 603 2622 uniatur,
629 2547 718 2608 etin
742 2549 902 2609 cathedra
926 2548 1016 2609 Petri
1111 2595 1112 2600 ,

52 2645 218 2704 solidetur.
243 2644 346 2718 thue
372 2657 477 2700 omnes
507 2640 722 2702 vehementius
745 2642 783 2700 ad
806 2657 863 2700 sua
885 2657 1016 2700 munera

53 2737 192 2798 obeunda
222 2734 416 2809 excitentur,
442 2735 507 2796 Nos
540 2736 679 2794 aPatre
704 2733 833 2796 caelesti
860 2732 1015 2809 Spiritum

53 2830 189 2903 consilii,
212 2826 373 2900 ueritatis,
389 2830 423 2887 et
436 2827 630 2888 constantiae
653 2827 685 2886 in
706 2828 770 2888 Vos
790 2827 1014 2904 implorantes,
1106 2878 1108 2884 ,

53 2925 82 2982 in
96 2929 249 3003 paternae
268 2919 447 2981 dilectionis
469 2919 594 2998 pignus,
610 2918 719 2993 Vobis,
742 2917 851 2979 dilecti
865 2917 942 2978 Filii
953 2920 1018 2981 No·
1081 2925 1083 2932 '

54 3019 123 3092 stri,
147 3013 344 3077 venerabiles
365 3013 509 3086 Fratres,
531 3032 566 3075 ac
587 3013 694 3074 dilecti
715 3012 787 3086 filii,
806 3011 1018 3088 Apostolicum

53 3108 307 3170 Benedictionem
329 3110 530 3185 peramanter
550 3107 762 3183 impertimur.

110 3205 228 3264 Datum
242 3204 361 3263 Romae
375 3203 455 3278 apud
471 3202 504 3260 S.
521 3201 651 3260 Petrum
667 3200 723 3260 sub
736 3199 864 3260 Annulo
879 3198 1019 3260 Piscato-

53 3299 107 3371 ris,
124 3297 178 3356 die
194 3295 232 3354 13
245 3294 366 3372 Aprilis
389 3295 579 3366 MDGOXOI,
594 3292 802 3353 Pontificatus
821 3291 935 3356 Nostri
955 3292 1019 3351 An·
1100 3349 1107 3362 ,

55 3409 92 3450 uo
114 3391 220 3451 XVII.

626 3479 731 3554 PIUS,
754 3479 808 3556 qui
830 3496 934 3557 supra.

151 3606 211 3658 Vei.
228 3607 255 3657 Ι.
303 3605 305 3612 ’
897 3606 925 3651 11
