2386 4194
27 379 54 440 iu
72 379 230 442 Salonitena
249 381 383 442 civitate
397 399 507 443 manus
523 379 683 460 imponere
698 383 948 460 praesumerent,

28 492 72 532 nec
85 475 233 553 quempiam
254 475 287 534 in
309 476 442 537 civitate
463 476 532 554 ipsa
553 477 652 538 aliter
671 493 762 555 quam
785 475 852 552 ipso
866 474 949 536 diee-

27 567 83 639 ret,
102 567 265 646 Episcopum
286 569 455 645 ordinare;
480 576 513 632 et
533 571 561 631 si
585 570 836 649 praeceptionem
862 587 948 632 snam

25 659 309 738 transgrederentur,
340 664 495 726 Dominici
522 665 691 743 Corporis,
719 669 754 726 et
780 663 949 744 Sanguinis

27 752 230 830 participatione
244 755 464 832 privarentur,
479 764 513 818 et
527 776 617 836 quem
632 757 874 833 ordinarissont,
888 775 947 818 non

30 846 163 910 haberetur
180 850 358 929 Episcopus.
374 853 454 912 Item
468 853 610 930 Epistola
623 854 660 914 ad
676 854 807 914 Petrum
822 851 949 930 Episco-

30 957 82 1015 pum
92 939 311 1022 Hydruntioom
333 944 395 1025 (l),
416 947 516 1007 eidem
539 946 712 1021 mandavit,
728 950 776 1021 ut,
792 945 948 1009 defunctis
1024 999 1028 1008 ,

30 1035 343 1114 EpiscopisBrundnsii,
366 1039 487 1118 Lupiae
507 1046 541 1102 et
560 1041 738 1119 Gallipolis,
759 1043 798 1101 sd
820 1040 893 1102 illas
914 1059 948 1102 se

28 1130 167 1205 auferret,
187 1140 220 1193 et
240 1133 455 1194 visitationem
475 1140 660 1215 perageret,
682 1139 888 1214 curaretque,
913 1141 949 1198 ut

26 1221 56 1280 iis
71 1225 296 1300 praeficerentur
316 1229 501 1291 Sacerdotes
528 1235 618 1292 tauto
645 1231 823 1292 ministerio
848 1229 948 1308 digni,

27 1316 67 1389 qui
84 1319 114 1378 ad
131 1320 310 1382 Pontificem
330 1323 490 1396 venirent,
514 1327 548 1384 ut
568 1342 680 1386 munus
703 1322 948 1386 consecrationis

28 1411 177 1488 reciperent.
193 1414 399 1480 Postmodum
417 1416 562 1493 Epistola
582 1417 620 1477 ad
641 1416 888 1479 Mediolanenses
902 1415 948 1494 (2)

31 1506 154 1582 approbet,
169 1510 261 1584 quod,
277 1508 309 1568 in
327 1507 429 1568 locum
450 1508 590 1570 defuncti
603 1509 745 1588 Episcopi
758 1509 947 1582 constantii,

34 1595 148 1672 eligerent
170 1600 362 1673 Demdedit,
390 1599 459 1672 eui,
489 1602 515 1661 si
545 1602 626 1663 nihil
650 1607 755 1676 esset,
784 1605 863 1680 qnod
893 1620 949 1681 per

35 1705 107 1750 moros
121 1699 259 1754 eanones'
272 1698 379 1772 posset
400 1695 540 1770 obviare,
562 1697 716 1769 decrevit,
730 1699 809 1774 quod
831 1714 872 1756 ex
894 1713 950 1756 sua

32 1786 178 1848 adotritate
199 1789 386 1849 solemniter
409 1789 624 1852 ordinaretur.
647 1790 681 1850 S.
696 1789 844 1851 Nicolaus
858 1791 873 1850 Ι
887 1807 947 1848 uon

29 1873 122 1940 destitit
135 1884 294 1960 inerepare
312 1883 500 1946 Lotharium
514 1886 646 1962 Regem,
662 1884 741 1961 qnod
761 1885 799 1944 ad
821 1883 950 1961 Episco-

27 1973 107 2042 patum
127 1976 206 2036 viros
234 1977 294 2038 sibi
321 1979 422 2038 solum
451 1981 560 2055 gratos
580 1978 613 2036 in
634 1979 744 2054 Regno
765 1995 821 2038 suo
842 1977 949 2038 efferri

30 2063 144 2140 studeret,
156 2071 292 2147 adeoque
307 2071 490 2148 Apostolioa
510 2071 701 2132 auctoritate
724 2070 875 2144 iniunxit,
891 2072 949 2133 sub

31 2152 99 2216 dirisi
116 2160 214 2226 iudicii
236 2167 459 2239 obtestatione,
484 2165 572 2226 utin
596 2165 780 2226 Trevirenai
805 2167 893 2240 urbe,
916 2169 950 2226 et

28 2244 172 2319 indoloria
191 2260 384 2338 Agrippinae
405 2262 528 2322 nullum
549 2261 626 2339 eligi
653 2263 834 2338 pateretur,
859 2267 949 2322 ante·

25 2358 91 2416 quam
101 2349 226 2414 relatum
238 2373 332 2432 super
342 2356 401 2415 hoo
413 2355 574 2434 pontificio
585 2359 669 2416 esset
676 2355 878 2433 apostolatui
890 2354 946 2435 (3).

26 2433 122 2516 lumper
131 2446 326 2508 Innocentius
341 2450 386 2510 ΙΙΙ
397 2450 587 2509 Pennensem
602 2448 790 2509 Antiatitem
806 2454 950 2508 recenter
1035 2521 1041 2530 ¹

27 2535 183 2612 epulavit,
198 2541 330 2619 eoquod
346 2561 378 2602 se
394 2543 481 2603 nltro
495 2541 662 2621 episcopali
679 2542 756 2602 solio
767 2541 947 2612 immiserit,

30 2627 156 2706 alequam
170 2652 190 2694 a
203 2636 345 2697 Romano
362 2635 516 2696 Pontiiioo
537 2638 573 2696 ad
596 2635 678 2695 illud
701 2629 881 2706 uocaretur,
898 2633 950 2693 vel

27 2713 47 2773 lt
62 2720 105 2784 illo
122 2727 303 2790 firmaretur
318 2728 374 2810 (4).
392 2729 548 2790 Similiter
565 2746 685 2806 quoque
707 2728 823 2787 deiecit
836 2728 951 2788 Conra-

26 2810 76 2875 dnn
91 2821 267 2900 Episcopum
289 2841 308 2882 a
327 2825 399 2883 aede
421 2826 488 2882 tum
510 2821 718 2895 Hildesiensi,
740 2826 807 2882 tum
830 2820 950 2880 Wirta·

26 2901 207 2991 turgentes
229 2919 308 2994 quod
330 2921 495 2994 utramque
517 2916 694 2976 inconsulto
714 2917 854 2977 Romano
867 2913 950 2972 Pon-

29 2998 85 3063 tila
109 3015 293 3089 arroganter
324 3012 536 3088 assumpserat
561 3009 619 3086 (5).
650 3008 750 3069 Petiit
781 3007 948 3068 humiliter

27 3088 49 3149 S·
60 3096 217 3165 Bornardus
231 3104 270 3165 ab
283 3104 421 3165 Honorio
437 3105 478 3176 II,
495 3107 532 3165 ut
544 3100 723 3163 Alberieum
741 3101 951 3164 cntdaunsn·

68 3277 94 3330 (ll
108 3281 183 3341 llplet.
193 3285 262 3341 XXI,
274 3283 319 3331 lib.
329 3284 373 3340 VI,
384 3295 443 3344 pag.
455 3285 510 3332 807.

69 3352 96 3406 m
110 3357 423 3418 apparatuum.
436 3361 506 3407 moa

69 3427 97 3482 li)
110 3431 178 3481 Iron.
188 3435 292 3483 carnot.
303 3435 404 3481 Deerat.
418 3436 484 3492 part.
496 3435 528 3490 V,
540 3445 595 3493 cap.
607 3433 747 3482 cccnvn.

68 3503 96 3556 (4)
109 3506 228 3566 Eoyndd
240 3507 273 3556 ad
284 3521 345 3556 aaa.
357 3510 427 3567 1099,
437 3521 507 3557 num.
519 3510 558 3559 1a.

71 3579 98 3632 os
112 3582 203 3632 uuas.
214 3586 321 3644 manu,
333 3584 465 3644 merom.
476 3583 522 3632 uu.
536 3585 593 3643 vn,
605 3597 662 3644 cop.
673 3586 755 3642 xvn,
767 3581 790 3646 §.
801 3585 823 3630 1.
