<?xml version="1.0" encoding="UTF-8"?>
<!DOCTYPE html PUBLIC "-//W3C//DTD XHTML 1.0 Transitional//EN"
    "http://www.w3.org/TR/xhtml1/DTD/xhtml1-transitional.dtd">
<html xmlns="http://www.w3.org/1999/xhtml" xml:lang="en" lang="en">
 <head>
  <title>
</title>
<meta http-equiv="Content-Type" content="text/html;charset=utf-8" />
  <meta name='ocr-system' content='tesseract 3.04.00' />
  <meta name='ocr-capabilities' content='ocr_page ocr_carea ocr_par ocr_line ocrx_word'/>
</head>
<body>
  <div class='ocr_page' id='page_1' title='image "./piivipontmaxact00piusgoog_0367.png"; bbox 0 0 2500 4206; ppageno 0'>
   <div class='ocr_carea' id='block_1_1' title="bbox 243 345 1204 3594">
    <p class='ocr_par' dir='ltr' id='par_1_1' title="bbox 243 345 1204 2580">
     <span class='ocr_line' id='line_1_1' title="bbox 243 345 1202 425; baseline -0.002 -17"><span class='ocrx_word' id='word_1_1' title='bbox 243 345 431 425; x_wconf 89' lang='lat' dir='ltr'><strong>praesertim</strong></span> <span class='ocrx_word' id='word_1_2' title='bbox 452 347 490 406; x_wconf 93' lang='grc' dir='ltr'><strong>Β.</strong></span> <span class='ocrx_word' id='word_1_3' title='bbox 512 346 604 408; x_wconf 88' lang='lat' dir='ltr'><strong>Petri</strong></span> <span class='ocrx_word' id='word_1_4' title='bbox 624 347 789 424; x_wconf 77' lang='lat' dir='ltr'><strong>Apostoli,</strong></span> <span class='ocrx_word' id='word_1_5' title='bbox 814 364 851 406; x_wconf 93' lang='lat' dir='ltr'><strong>ac</strong></span> <span class='ocrx_word' id='word_1_6' title='bbox 872 348 905 407; x_wconf 90' lang='lat' dir='ltr'><strong>S.</strong></span> <span class='ocrx_word' id='word_1_7' title='bbox 922 346 974 406; x_wconf 90' lang='lat' dir='ltr'><strong>Pii</strong></span> <span class='ocrx_word' id='word_1_8' title='bbox 995 348 1037 420; x_wconf 89' lang='lat' dir='ltr'><strong>V,</strong></span> <span class='ocrx_word' id='word_1_9' title='bbox 1052 365 1130 424; x_wconf 89' lang='lat' dir='ltr'><strong>quos</strong></span> <span class='ocrx_word' id='word_1_10' title='bbox 1151 348 1202 406; x_wconf 89' lang='lat' dir='ltr'><strong>hoc</strong></span> 
     </span>
     <span class='ocr_line' id='line_1_2' title="bbox 244 439 1202 518; baseline 0 -17"><span class='ocrx_word' id='word_1_11' title='bbox 244 443 384 518; x_wconf 86' lang='lat' dir='ltr'><strong>tempora</strong></span> <span class='ocrx_word' id='word_1_12' title='bbox 398 439 594 518; x_wconf 89' lang='lat' dir='ltr'><strong>potissimum</strong></span> <span class='ocrx_word' id='word_1_13' title='bbox 608 440 795 501; x_wconf 75' lang='lat' dir='ltr'><strong>invocandos</strong></span> <span class='ocrx_word' id='word_1_14' title='bbox 810 440 995 513; x_wconf 76' lang='lat' dir='ltr'><strong>statuimus,</strong></span> <span class='ocrx_word' id='word_1_15' title='bbox 1010 440 1202 501; x_wconf 86' lang='lat' dir='ltr'><strong>intercessio-</strong></span> 
     </span>
     <span class='ocr_line' id='line_1_3' title="bbox 244 534 1201 612; baseline 0.002 -18"><span class='ocrx_word' id='word_1_16' title='bbox 244 553 283 596; x_wconf 92' lang='lat' dir='ltr'><strong>ne</strong></span> <span class='ocrx_word' id='word_1_17' title='bbox 304 535 431 608; x_wconf 83' lang='lat' dir='ltr'><strong>confisi,</strong></span> <span class='ocrx_word' id='word_1_18' title='bbox 451 552 562 594; x_wconf 82' lang='lat' dir='ltr'><strong>rursus</strong></span> <span class='ocrx_word' id='word_1_19' title='bbox 582 552 640 612; x_wconf 89' lang='lat' dir='ltr'><strong>pro</strong></span> <span class='ocrx_word' id='word_1_20' title='bbox 661 534 770 607; x_wconf 77' lang='lat' dir='ltr'><strong>robis,</strong></span> <span class='ocrx_word' id='word_1_21' title='bbox 787 534 966 612; x_wconf 83' lang='lat' dir='ltr'><strong>vestrisque</strong></span> <span class='ocrx_word' id='word_1_22' title='bbox 986 535 1137 596; x_wconf 89' lang='lat' dir='ltr'><strong>Plebibus</strong></span> <span class='ocrx_word' id='word_1_23' title='bbox 1150 537 1201 596; x_wconf 83' lang='lat' dir='ltr'><strong>lla-</strong></span> 
     </span>
     <span class='ocr_line' id='line_1_4' title="bbox 245 627 1203 701; baseline 0 -13"><span class='ocrx_word' id='word_1_24' title='bbox 245 629 358 689; x_wconf 88' lang='lat' dir='ltr'><strong>clesiae</strong></span> <span class='ocrx_word' id='word_1_25' title='bbox 385 628 551 688; x_wconf 78' lang='lat' dir='ltr'><strong>thesauros</strong></span> <span class='ocrx_word' id='word_1_26' title='bbox 577 628 787 701; x_wconf 76' lang='lat' dir='ltr'><strong>recludimus,</strong></span> <span class='ocrx_word' id='word_1_27' title='bbox 808 646 846 688; x_wconf 92' lang='lat' dir='ltr'><strong>ac</strong></span> <span class='ocrx_word' id='word_1_28' title='bbox 865 627 1031 689; x_wconf 76' lang='lat' dir='ltr'><strong>plenarias</strong></span> <span class='ocrx_word' id='word_1_29' title='bbox 1056 629 1090 688; x_wconf 91' lang='lat' dir='ltr'><strong>in</strong></span> <span class='ocrx_word' id='word_1_30' title='bbox 1111 629 1203 689; x_wconf 82' lang='lat' dir='ltr'><strong>forma</strong></span> 
     </span>
     <span class='ocr_line' id='line_1_5' title="bbox 245 721 1200 801; baseline 0 -19"><span class='ocrx_word' id='word_1_31' title='bbox 245 721 378 782; x_wconf 90' lang='lat' dir='ltr'><strong>lubilaei</strong></span> <span class='ocrx_word' id='word_1_32' title='bbox 399 722 596 782; x_wconf 87' lang='lat' dir='ltr'><strong>concedimus</strong></span> <span class='ocrx_word' id='word_1_33' title='bbox 617 726 816 799; x_wconf 87' lang='lat' dir='ltr'><strong>peccatorum</strong></span> <span class='ocrx_word' id='word_1_34' title='bbox 837 722 1055 801; x_wconf 83' lang='lat' dir='ltr'><strong>Indulgentiae</strong></span> <span class='ocrx_word' id='word_1_35' title='bbox 1068 722 1200 783; x_wconf 88' lang='lat' dir='ltr'><strong>amnibus</strong></span> 
     </span>
     <span class='ocr_line' id='line_1_6' title="bbox 245 814 1202 896; baseline 0.003 -22"><span class='ocrx_word' id='word_1_36' title='bbox 245 815 285 875; x_wconf 92' lang='lat' dir='ltr'><strong>iis</strong></span> <span class='ocrx_word' id='word_1_37' title='bbox 306 818 485 876; x_wconf 83' lang='lat' dir='ltr'><strong>vestrarum</strong></span> <span class='ocrx_word' id='word_1_38' title='bbox 506 814 719 890; x_wconf 88' lang='lat' dir='ltr'><strong>Dioecesium,</strong></span> <span class='ocrx_word' id='word_1_39' title='bbox 736 818 790 895; x_wconf 88' lang='lat' dir='ltr'><strong>qui</strong></span> <span class='ocrx_word' id='word_1_40' title='bbox 813 835 927 896; x_wconf 89' lang='lat' dir='ltr'><strong>opera,</strong></span> <span class='ocrx_word' id='word_1_41' title='bbox 943 835 1021 895; x_wconf 90' lang='lat' dir='ltr'><strong>quae</strong></span> <span class='ocrx_word' id='word_1_42' title='bbox 1043 816 1095 877; x_wconf 90' lang='lat' dir='ltr'><strong>hic</strong></span> <span class='ocrx_word' id='word_1_43' title='bbox 1117 819 1202 878; x_wconf 88' lang='lat' dir='ltr'><strong>subii-</strong></span> 
     </span>
     <span class='ocr_line' id='line_1_7' title="bbox 246 909 1201 990; baseline 0.005 -22"><span class='ocrx_word' id='word_1_44' title='bbox 246 909 380 982; x_wconf 88' lang='lat' dir='ltr'><strong>ciemus,</strong></span> <span class='ocrx_word' id='word_1_45' title='bbox 396 910 621 986; x_wconf 88' lang='lat' dir='ltr'><strong>praestabunt,</strong></span> <span class='ocrx_word' id='word_1_46' title='bbox 636 929 714 988; x_wconf 90' lang='lat' dir='ltr'><strong>quae</strong></span> <span class='ocrx_word' id='word_1_47' title='bbox 735 911 933 988; x_wconf 87' lang='lat' dir='ltr'><strong>gravissimis</strong></span> <span class='ocrx_word' id='word_1_48' title='bbox 954 913 1067 973; x_wconf 86' lang='lat' dir='ltr'><strong>horum</strong></span> <span class='ocrx_word' id='word_1_49' title='bbox 1089 916 1201 990; x_wconf 88' lang='lat' dir='ltr'><strong>tempo-</strong></span> 
     </span>
     <span class='ocr_line' id='line_1_8' title="bbox 246 991 1202 1079; baseline 0.004 -17"><span class='ocrx_word' id='word_1_50' title='bbox 246 1020 317 1063; x_wconf 88' lang='lat' dir='ltr'><strong>rum</strong></span> <span class='ocrx_word' id='word_1_51' title='bbox 339 1002 579 1063; x_wconf 86' lang='lat' dir='ltr'><strong>necessitatibus</strong></span> <span class='ocrx_word' id='word_1_52' title='bbox 599 1003 670 1064; x_wconf 83' lang='lat' dir='ltr'><strong>visa</strong></span> <span class='ocrx_word' id='word_1_53' title='bbox 683 1007 758 1064; x_wconf 89' lang='lat' dir='ltr'><strong>sunt</strong></span> <span class='ocrx_word' id='word_1_54' title='bbox 772 1006 956 1079; x_wconf 86' lang='lat' dir='ltr'><strong>convenire,</strong></span> <span class='ocrx_word' id='word_1_55' title='bbox 978 991 1147 1067; x_wconf 86' lang='lat' dir='ltr'><strong>consecuto</strong></span> <span class='ocrx_word' id='word_1_56' title='bbox 1161 1009 1202 1066; x_wconf 90' lang='lat' dir='ltr'><strong>ui·</strong></span> 
     </span>
     <span class='ocr_line' id='line_1_9' title="bbox 246 1097 1202 1177; baseline 0.001 -19"><span class='ocrx_word' id='word_1_57' title='bbox 246 1097 361 1158; x_wconf 90' lang='lat' dir='ltr'><strong>mirum</strong></span> <span class='ocrx_word' id='word_1_58' title='bbox 383 1097 463 1174; x_wconf 90' lang='lat' dir='ltr'><strong>apud</strong></span> <span class='ocrx_word' id='word_1_59' title='bbox 484 1098 548 1159; x_wconf 89' lang='lat' dir='ltr'><strong>Nos</strong></span> <span class='ocrx_word' id='word_1_60' title='bbox 569 1114 609 1156; x_wconf 87' lang='lat' dir='ltr'><strong>ex</strong></span> <span class='ocrx_word' id='word_1_61' title='bbox 629 1097 670 1157; x_wconf 88' lang='lat' dir='ltr'><strong>iis</strong></span> <span class='ocrx_word' id='word_1_62' title='bbox 683 1098 839 1175; x_wconf 90' lang='lat' dir='ltr'><strong>plurimo,</strong></span> <span class='ocrx_word' id='word_1_63' title='bbox 855 1117 891 1159; x_wconf 90' lang='lat' dir='ltr'><strong>ao</strong></span> <span class='ocrx_word' id='word_1_64' title='bbox 906 1099 1117 1177; x_wconf 83' lang='lat' dir='ltr'><strong>singulariter</strong></span> <span class='ocrx_word' id='word_1_65' title='bbox 1131 1118 1202 1160; x_wconf 89' lang='lat' dir='ltr'><strong>oom-</strong></span> 
     </span>
     <span class='ocr_line' id='line_1_10' title="bbox 245 1189 1200 1270; baseline 0 -19"><span class='ocrx_word' id='word_1_66' title='bbox 245 1191 419 1252; x_wconf 88' lang='lat' dir='ltr'><strong>mendando</strong></span> <span class='ocrx_word' id='word_1_67' title='bbox 447 1189 539 1250; x_wconf 88' lang='lat' dir='ltr'><strong>huius</strong></span> <span class='ocrx_word' id='word_1_68' title='bbox 567 1191 674 1268; x_wconf 90' lang='lat' dir='ltr'><strong>populi</strong></span> <span class='ocrx_word' id='word_1_69' title='bbox 701 1191 813 1252; x_wconf 88' lang='lat' dir='ltr'><strong>Nostri</strong></span> <span class='ocrx_word' id='word_1_70' title='bbox 834 1192 970 1253; x_wconf 82' lang='lat' dir='ltr'><strong>fervore.</strong></span> <span class='ocrx_word' id='word_1_71' title='bbox 994 1194 1107 1270; x_wconf 88' lang='lat' dir='ltr'><strong>Neque</strong></span> <span class='ocrx_word' id='word_1_72' title='bbox 1131 1194 1200 1252; x_wconf 89' lang='lat' dir='ltr'><strong>enin</strong></span> 
     </span>
     <span class='ocr_line' id='line_1_11' title="bbox 245 1283 1198 1364; baseline -0.001 -19"><span class='ocrx_word' id='word_1_73' title='bbox 245 1285 422 1364; x_wconf 87' lang='lat' dir='ltr'><strong>praeterire</strong></span> <span class='ocrx_word' id='word_1_74' title='bbox 436 1283 564 1345; x_wconf 90' lang='lat' dir='ltr'><strong>silentio</strong></span> <span class='ocrx_word' id='word_1_75' title='bbox 578 1301 758 1362; x_wconf 87' lang='lat' dir='ltr'><strong>possumus,</strong></span> <span class='ocrx_word' id='word_1_76' title='bbox 774 1289 967 1362; x_wconf 77' lang='lat' dir='ltr'><strong>quantopere</strong></span> <span class='ocrx_word' id='word_1_77' title='bbox 980 1287 1133 1347; x_wconf 90' lang='lat' dir='ltr'><strong>commoti</strong></span> <span class='ocrx_word' id='word_1_78' title='bbox 1146 1286 1198 1345; x_wconf 82' lang='lat' dir='ltr'><strong>ine·</strong></span> 
     </span>
     <span class='ocr_line' id='line_1_12' title="bbox 246 1376 1193 1454; baseline -0.005 -14"><span class='ocrx_word' id='word_1_79' title='bbox 246 1378 363 1451; x_wconf 88' lang='lat' dir='ltr'><strong>rimus,</strong></span> <span class='ocrx_word' id='word_1_80' title='bbox 386 1394 455 1436; x_wconf 88' lang='lat' dir='ltr'><strong>cum</strong></span> <span class='ocrx_word' id='word_1_81' title='bbox 482 1377 659 1437; x_wconf 89' lang='lat' dir='ltr'><strong>redundare</strong></span> <span class='ocrx_word' id='word_1_82' title='bbox 685 1376 899 1438; x_wconf 88' lang='lat' dir='ltr'><strong>multitudinis</strong></span> <span class='ocrx_word' id='word_1_83' title='bbox 920 1393 1072 1438; x_wconf 85' lang='lat' dir='ltr'><strong>concursu</strong></span> <span class='ocrx_word' id='word_1_84' title='bbox 1095 1377 1193 1454; x_wconf 88' lang='lat' dir='ltr'><strong>templa</strong></span> 
     </span>
     <span class='ocr_line' id='line_1_13' title="bbox 247 1470 1197 1549; baseline -0.002 -17"><span class='ocrx_word' id='word_1_85' title='bbox 247 1472 442 1544; x_wconf 81' lang='lat' dir='ltr'><strong>rideremus,</strong></span> <span class='ocrx_word' id='word_1_86' title='bbox 465 1489 535 1531; x_wconf 92' lang='lat' dir='ltr'><strong>cum</strong></span> <span class='ocrx_word' id='word_1_87' title='bbox 556 1470 811 1549; x_wconf 82' lang='lat' dir='ltr'><strong>frequentissima</strong></span> <span class='ocrx_word' id='word_1_88' title='bbox 832 1475 1100 1532; x_wconf 88' lang='lat' dir='ltr'><strong>sacramentorum</strong></span> <span class='ocrx_word' id='word_1_89' title='bbox 1122 1473 1197 1532; x_wconf 88' lang='lat' dir='ltr'><strong>fieret</strong></span> 
     </span>
     <span class='ocr_line' id='line_1_14' title="bbox 247 1565 1201 1644; baseline -0.001 -20"><span class='ocrx_word' id='word_1_90' title='bbox 247 1565 428 1642; x_wconf 84' lang='lat' dir='ltr'><strong>perceptio,</strong></span> <span class='ocrx_word' id='word_1_91' title='bbox 452 1583 521 1625; x_wconf 90' lang='lat' dir='ltr'><strong>cum</strong></span> <span class='ocrx_word' id='word_1_92' title='bbox 543 1566 613 1627; x_wconf 83' lang='lat' dir='ltr'><strong>viae</strong></span> <span class='ocrx_word' id='word_1_93' title='bbox 634 1585 713 1644; x_wconf 91' lang='lat' dir='ltr'><strong>pene</strong></span> <span class='ocrx_word' id='word_1_94' title='bbox 734 1584 839 1626; x_wconf 89' lang='lat' dir='ltr'><strong>omnes</strong></span> <span class='ocrx_word' id='word_1_95' title='bbox 864 1567 1125 1643; x_wconf 86' lang='lat' dir='ltr'><strong>conspicerentur</strong></span> <span class='ocrx_word' id='word_1_96' title='bbox 1143 1582 1201 1640; x_wconf 88' lang='lat' dir='ltr'><strong>sup-</strong></span> 
     </span>
     <span class='ocr_line' id='line_1_15' title="bbox 247 1657 1201 1737; baseline -0.003 -19"><span class='ocrx_word' id='word_1_97' title='bbox 247 1658 471 1736; x_wconf 89' lang='lat' dir='ltr'><strong>plicationibus</strong></span> <span class='ocrx_word' id='word_1_98' title='bbox 492 1659 629 1720; x_wconf 81' lang='lat' dir='ltr'><strong>refertae</strong></span> <span class='ocrx_word' id='word_1_99' title='bbox 651 1678 710 1720; x_wconf 92' lang='lat' dir='ltr'><strong>non</strong></span> <span class='ocrx_word' id='word_1_100' title='bbox 731 1661 794 1721; x_wconf 90' lang='lat' dir='ltr'><strong>iam</strong></span> <span class='ocrx_word' id='word_1_101' title='bbox 816 1661 981 1737; x_wconf 90' lang='lat' dir='ltr'><strong>imperatis</strong></span> <span class='ocrx_word' id='word_1_102' title='bbox 1002 1659 1143 1731; x_wconf 91' lang='lat' dir='ltr'><strong>aNobis,</strong></span> <span class='ocrx_word' id='word_1_103' title='bbox 1158 1657 1201 1716; x_wconf 91' lang='lat' dir='ltr'><strong>sed</strong></span> 
     </span>
     <span class='ocr_line' id='line_1_16' title="bbox 248 1748 1202 1830; baseline -0.005 -17"><span class='ocrx_word' id='word_1_104' title='bbox 248 1755 358 1829; x_wconf 88' lang='lat' dir='ltr'><strong>sponte</strong></span> <span class='ocrx_word' id='word_1_105' title='bbox 390 1752 567 1828; x_wconf 78' lang='lat' dir='ltr'><strong>susceptis,</strong></span> <span class='ocrx_word' id='word_1_106' title='bbox 603 1753 839 1830; x_wconf 88' lang='lat' dir='ltr'><strong>capitulorum,</strong></span> <span class='ocrx_word' id='word_1_107' title='bbox 873 1753 1097 1830; x_wconf 87' lang='lat' dir='ltr'><strong>religiosorum</strong></span> <span class='ocrx_word' id='word_1_108' title='bbox 1129 1748 1202 1810; x_wconf 92' lang='lat' dir='ltr'><strong>ordi-</strong></span> 
     </span>
     <span class='ocr_line' id='line_1_17' title="bbox 248 1845 1201 1924; baseline -0.002 -19"><span class='ocrx_word' id='word_1_109' title='bbox 248 1863 341 1920; x_wconf 91' lang='lat' dir='ltr'><strong>num,</strong></span> <span class='ocrx_word' id='word_1_110' title='bbox 365 1845 592 1923; x_wconf 87' lang='lat' dir='ltr'><strong>collegiorum,</strong></span> <span class='ocrx_word' id='word_1_111' title='bbox 615 1847 914 1924; x_wconf 79' lang='lat' dir='ltr'><strong>congregationum,</strong></span> <span class='ocrx_word' id='word_1_112' title='bbox 937 1846 1201 1915; x_wconf 88' lang='lat' dir='ltr'><strong>communitatum,</strong></span> 
     </span>
     <span class='ocr_line' id='line_1_18' title="bbox 249 1938 1204 2016; baseline -0.004 -16"><span class='ocrx_word' id='word_1_113' title='bbox 249 1939 575 2013; x_wconf 84' lang='lat' dir='ltr'><strong>conservatoriorum,</strong></span> <span class='ocrx_word' id='word_1_114' title='bbox 600 1940 774 2016; x_wconf 77' lang='lat' dir='ltr'><strong>praelatam</strong></span> <span class='ocrx_word' id='word_1_115' title='bbox 795 1942 926 2001; x_wconf 75' lang='lat' dir='ltr'><strong>(trucem</strong></span> <span class='ocrx_word' id='word_1_116' title='bbox 949 1940 1122 2001; x_wconf 86' lang='lat' dir='ltr'><strong>ordinatim</strong></span> <span class='ocrx_word' id='word_1_117' title='bbox 1148 1938 1204 2016; x_wconf 89' lang='lat' dir='ltr'><strong>pie·</strong></span> 
     </span>
     <span class='ocr_line' id='line_1_19' title="bbox 249 2031 1202 2111; baseline -0.003 -18"><span class='ocrx_word' id='word_1_118' title='bbox 249 2051 308 2111; x_wconf 88' lang='lat' dir='ltr'><strong>que</strong></span> <span class='ocrx_word' id='word_1_119' title='bbox 330 2032 545 2111; x_wconf 86' lang='lat' dir='ltr'><strong>sequentium,</strong></span> <span class='ocrx_word' id='word_1_120' title='bbox 568 2050 646 2110; x_wconf 90' lang='lat' dir='ltr'><strong>quae</strong></span> <span class='ocrx_word' id='word_1_121' title='bbox 665 2034 730 2093; x_wconf 91' lang='lat' dir='ltr'><strong>Nos</strong></span> <span class='ocrx_word' id='word_1_122' title='bbox 750 2033 867 2110; x_wconf 91' lang='lat' dir='ltr'><strong>partim</strong></span> <span class='ocrx_word' id='word_1_123' title='bbox 892 2034 1073 2106; x_wconf 83' lang='lat' dir='ltr'><strong>audientes,</strong></span> <span class='ocrx_word' id='word_1_124' title='bbox 1097 2031 1202 2110; x_wconf 89' lang='lat' dir='ltr'><strong>partim</strong></span> 
     </span>
     <span class='ocr_line' id='line_1_20' title="bbox 248 2127 1202 2200; baseline -0.006 -10"><span class='ocrx_word' id='word_1_125' title='bbox 248 2127 375 2190; x_wconf 84' lang='lat' dir='ltr'><strong>Nostris</strong></span> <span class='ocrx_word' id='word_1_126' title='bbox 396 2127 493 2188; x_wconf 89' lang='lat' dir='ltr'><strong>etiam</strong></span> <span class='ocrx_word' id='word_1_127' title='bbox 523 2127 621 2187; x_wconf 87' lang='lat' dir='ltr'><strong>oculis</strong></span> <span class='ocrx_word' id='word_1_128' title='bbox 642 2127 859 2200; x_wconf 89' lang='lat' dir='ltr'><strong>subiicientes,</strong></span> <span class='ocrx_word' id='word_1_129' title='bbox 882 2127 1044 2188; x_wconf 89' lang='lat' dir='ltr'><strong>continere</strong></span> <span class='ocrx_word' id='word_1_130' title='bbox 1068 2127 1202 2188; x_wconf 86' lang='lat' dir='ltr'><strong>lacrimas</strong></span> 
     </span>
     <span class='ocr_line' id='line_1_21' title="bbox 249 2216 1202 2298; baseline -0.004 -19"><span class='ocrx_word' id='word_1_131' title='bbox 249 2237 325 2298; x_wconf 92' lang='lat' dir='ltr'><strong>prae</strong></span> <span class='ocrx_word' id='word_1_132' title='bbox 353 2216 467 2298; x_wconf 89' lang='lat' dir='ltr'><strong>gaudio</strong></span> <span class='ocrx_word' id='word_1_133' title='bbox 496 2237 555 2279; x_wconf 91' lang='lat' dir='ltr'><strong>non</strong></span> <span class='ocrx_word' id='word_1_134' title='bbox 584 2221 760 2297; x_wconf 87' lang='lat' dir='ltr'><strong>potuimus,</strong></span> <span class='ocrx_word' id='word_1_135' title='bbox 785 2239 883 2298; x_wconf 88' lang='lat' dir='ltr'><strong>neque</strong></span> <span class='ocrx_word' id='word_1_136' title='bbox 908 2238 968 2280; x_wconf 91' lang='lat' dir='ltr'><strong>non</strong></span> <span class='ocrx_word' id='word_1_137' title='bbox 990 2220 1023 2279; x_wconf 91' lang='lat' dir='ltr'><strong>in</strong></span> <span class='ocrx_word' id='word_1_138' title='bbox 1045 2219 1202 2281; x_wconf 85' lang='lat' dir='ltr'><strong>maximam</strong></span> 
     </span>
     <span class='ocr_line' id='line_1_22' title="bbox 249 2310 1202 2390; baseline -0.003 -18"><span class='ocrx_word' id='word_1_139' title='bbox 249 2312 385 2374; x_wconf 82' lang='lat' dir='ltr'><strong>excitari</strong></span> <span class='ocrx_word' id='word_1_140' title='bbox 406 2310 531 2374; x_wconf 82' lang='lat' dir='ltr'><strong>divinae</strong></span> <span class='ocrx_word' id='word_1_141' title='bbox 560 2311 627 2390; x_wconf 91' lang='lat' dir='ltr'><strong>opis</strong></span> <span class='ocrx_word' id='word_1_142' title='bbox 648 2313 810 2387; x_wconf 84' lang='lat' dir='ltr'><strong>fiduciam,</strong></span> <span class='ocrx_word' id='word_1_143' title='bbox 834 2316 923 2374; x_wconf 88' lang='lat' dir='ltr'><strong>tauto</strong></span> <span class='ocrx_word' id='word_1_144' title='bbox 949 2314 1050 2374; x_wconf 90' lang='lat' dir='ltr'><strong>totius</strong></span> <span class='ocrx_word' id='word_1_145' title='bbox 1071 2311 1202 2373; x_wconf 82' lang='lat' dir='ltr'><strong>civitatis</strong></span> 
     </span>
     <span class='ocr_line' id='line_1_23' title="bbox 248 2407 1202 2482; baseline -0.006 -11"><span class='ocrx_word' id='word_1_146' title='bbox 248 2409 386 2471; x_wconf 88' lang='lat' dir='ltr'><strong>Nostrae</strong></span> <span class='ocrx_word' id='word_1_147' title='bbox 407 2407 439 2467; x_wconf 92' lang='lat' dir='ltr'><strong>in</strong></span> <span class='ocrx_word' id='word_1_148' title='bbox 461 2408 602 2469; x_wconf 85' lang='lat' dir='ltr'><strong>divinum</strong></span> <span class='ocrx_word' id='word_1_149' title='bbox 624 2409 744 2468; x_wconf 90' lang='lat' dir='ltr'><strong>cultum</strong></span> <span class='ocrx_word' id='word_1_150' title='bbox 767 2408 889 2482; x_wconf 89' lang='lat' dir='ltr'><strong>studio,</strong></span> <span class='ocrx_word' id='word_1_151' title='bbox 914 2411 1005 2468; x_wconf 89' lang='lat' dir='ltr'><strong>tanta</strong></span> <span class='ocrx_word' id='word_1_152' title='bbox 1026 2407 1202 2476; x_wconf 82' lang='lat' dir='ltr'><strong>devotione,</strong></span> 
     </span>
     <span class='ocr_line' id='line_1_24' title="bbox 248 2500 832 2580; baseline -0.003 -18"><span class='ocrx_word' id='word_1_153' title='bbox 248 2501 386 2580; x_wconf 87' lang='lat' dir='ltr'><strong>pietate,</strong></span> <span class='ocrx_word' id='word_1_154' title='bbox 410 2500 566 2578; x_wconf 88' lang='lat' dir='ltr'><strong>religione</strong></span> <span class='ocrx_word' id='word_1_155' title='bbox 586 2503 832 2578; x_wconf 90' lang='lat' dir='ltr'><strong>consequendae.</strong></span> 
     </span>
    </p>

    <p class='ocr_par' dir='ltr' id='par_1_2' title="bbox 251 2594 1203 3594">
     <span class='ocr_line' id='line_1_25' title="bbox 311 2594 1201 2671; baseline -0.003 -17"><span class='ocrx_word' id='word_1_156' title='bbox 311 2595 507 2671; x_wconf 88' lang='lat' dir='ltr'><strong>Quapropter</strong></span> <span class='ocrx_word' id='word_1_157' title='bbox 526 2611 583 2671; x_wconf 90' lang='lat' dir='ltr'><strong>per</strong></span> <span class='ocrx_word' id='word_1_158' title='bbox 603 2594 783 2654; x_wconf 87' lang='lat' dir='ltr'><strong>continuum</strong></span> <span class='ocrx_word' id='word_1_159' title='bbox 806 2595 937 2655; x_wconf 91' lang='lat' dir='ltr'><strong>duarum</strong></span> <span class='ocrx_word' id='word_1_160' title='bbox 951 2595 1201 2654; x_wconf 88' lang='lat' dir='ltr'><strong>hebdomadarum</strong></span> 
     </span>
     <span class='ocr_line' id='line_1_26' title="bbox 251 2684 1203 2766; baseline -0.008 -16"><span class='ocrx_word' id='word_1_161' title='bbox 251 2688 387 2766; x_wconf 86' lang='lat' dir='ltr'><strong>spatium</strong></span> <span class='ocrx_word' id='word_1_162' title='bbox 417 2687 456 2748; x_wconf 93' lang='lat' dir='ltr'><strong>ab</strong></span> <span class='ocrx_word' id='word_1_163' title='bbox 484 2706 667 2765; x_wconf 89' lang='lat' dir='ltr'><strong>unoquoque</strong></span> <span class='ocrx_word' id='word_1_164' title='bbox 693 2693 835 2748; x_wconf 85' lang='lat' dir='ltr'><strong>vestrum</strong></span> <span class='ocrx_word' id='word_1_165' title='bbox 856 2687 1112 2765; x_wconf 84' lang='lat' dir='ltr'><strong>praeligendum,</strong></span> <span class='ocrx_word' id='word_1_166' title='bbox 1135 2684 1203 2747; x_wconf 88' lang='lat' dir='ltr'><strong>desi·</strong></span> 
     </span>
     <span class='ocr_line' id='line_1_27' title="bbox 252 2780 1201 2860; baseline -0.005 -19"><span class='ocrx_word' id='word_1_167' title='bbox 252 2786 390 2860; x_wconf 85' lang='lat' dir='ltr'><strong>guantur</strong></span> <span class='ocrx_word' id='word_1_168' title='bbox 409 2781 442 2841; x_wconf 94' lang='lat' dir='ltr'><strong>in</strong></span> <span class='ocrx_word' id='word_1_169' title='bbox 464 2799 521 2842; x_wconf 90' lang='lat' dir='ltr'><strong>sua</strong></span> <span class='ocrx_word' id='word_1_170' title='bbox 540 2781 689 2859; x_wconf 85' lang='lat' dir='ltr'><strong>cuiusque</strong></span> <span class='ocrx_word' id='word_1_171' title='bbox 709 2781 843 2841; x_wconf 88' lang='lat' dir='ltr'><strong>dioecesi</strong></span> <span class='ocrx_word' id='word_1_172' title='bbox 868 2783 919 2841; x_wconf 91' lang='lat' dir='ltr'><strong>tot</strong></span> <span class='ocrx_word' id='word_1_173' title='bbox 938 2780 1117 2855; x_wconf 85' lang='lat' dir='ltr'><strong>Ecclesiae,</strong></span> <span class='ocrx_word' id='word_1_174' title='bbox 1138 2781 1201 2858; x_wconf 91' lang='lat' dir='ltr'><strong>quot</strong></span> 
     </span>
     <span class='ocr_line' id='line_1_28' title="bbox 252 2872 1201 2952; baseline -0.009 -15"><span class='ocrx_word' id='word_1_175' title='bbox 252 2875 468 2937; x_wconf 86' lang='lat' dir='ltr'><strong>concurrentis</strong></span> <span class='ocrx_word' id='word_1_176' title='bbox 489 2874 595 2952; x_wconf 91' lang='lat' dir='ltr'><strong>populi</strong></span> <span class='ocrx_word' id='word_1_177' title='bbox 616 2877 775 2935; x_wconf 88' lang='lat' dir='ltr'><strong>commodo</strong></span> <span class='ocrx_word' id='word_1_178' title='bbox 802 2873 880 2934; x_wconf 87' lang='lat' dir='ltr'><strong>satis</strong></span> <span class='ocrx_word' id='word_1_179' title='bbox 901 2891 967 2932; x_wconf 89' lang='lat' dir='ltr'><strong>asse</strong></span> <span class='ocrx_word' id='word_1_180' title='bbox 989 2877 1159 2950; x_wconf 87' lang='lat' dir='ltr'><strong>poterunt,</strong></span> <span class='ocrx_word' id='word_1_181' title='bbox 1176 2872 1201 2930; x_wconf 89' lang='lat' dir='ltr'><strong>in</strong></span> 
     </span>
     <span class='ocr_line' id='line_1_29' title="bbox 251 2965 1203 3049; baseline -0.006 -19"><span class='ocrx_word' id='word_1_182' title='bbox 251 2970 351 3049; x_wconf 91' lang='lat' dir='ltr'><strong>iisque</strong></span> <span class='ocrx_word' id='word_1_183' title='bbox 365 2969 523 3030; x_wconf 88' lang='lat' dir='ltr'><strong>orationes</strong></span> <span class='ocrx_word' id='word_1_184' title='bbox 538 2967 743 3042; x_wconf 88' lang='lat' dir='ltr'><strong>adhibendae,</strong></span> <span class='ocrx_word' id='word_1_185' title='bbox 759 2985 837 3045; x_wconf 89' lang='lat' dir='ltr'><strong>quae</strong></span> <span class='ocrx_word' id='word_1_186' title='bbox 852 2967 1039 3044; x_wconf 86' lang='lat' dir='ltr'><strong>praesertim</strong></span> <span class='ocrx_word' id='word_1_187' title='bbox 1054 2969 1093 3028; x_wconf 93' lang='lat' dir='ltr'><strong>ad</strong></span> <span class='ocrx_word' id='word_1_188' title='bbox 1109 2965 1203 3046; x_wconf 91' lang='lat' dir='ltr'><strong>poeni·</strong></span> 
     </span>
     <span class='ocr_line' id='line_1_30' title="bbox 251 3061 1202 3140; baseline -0.008 -14"><span class='ocrx_word' id='word_1_189' title='bbox 251 3065 406 3139; x_wconf 86' lang='lat' dir='ltr'><strong>tantiam,</strong></span> <span class='ocrx_word' id='word_1_190' title='bbox 421 3063 653 3140; x_wconf 90' lang='lat' dir='ltr'><strong>contritumque</strong></span> <span class='ocrx_word' id='word_1_191' title='bbox 673 3081 744 3136; x_wconf 90' lang='lat' dir='ltr'><strong>cor,</strong></span> <span class='ocrx_word' id='word_1_192' title='bbox 766 3080 802 3122; x_wconf 90' lang='lat' dir='ltr'><strong>ac</strong></span> <span class='ocrx_word' id='word_1_193' title='bbox 823 3063 861 3124; x_wconf 91' lang='lat' dir='ltr'><strong>ad</strong></span> <span class='ocrx_word' id='word_1_194' title='bbox 883 3061 1022 3122; x_wconf 85' lang='lat' dir='ltr'><strong>divinam</strong></span> <span class='ocrx_word' id='word_1_195' title='bbox 1044 3063 1202 3140; x_wconf 85' lang='lat' dir='ltr'><strong>impetran-</strong></span> 
     </span>
     <span class='ocr_line' id='line_1_31' title="bbox 252 3154 1201 3233; baseline -0.005 -14"><span class='ocrx_word' id='word_1_196' title='bbox 252 3160 321 3222; x_wconf 88' lang='lat' dir='ltr'><strong>dam</strong></span> <span class='ocrx_word' id='word_1_197' title='bbox 350 3157 597 3219; x_wconf 88' lang='lat' dir='ltr'><strong>misericordiam</strong></span> <span class='ocrx_word' id='word_1_198' title='bbox 628 3157 832 3229; x_wconf 88' lang='lat' dir='ltr'><strong>referantur,</strong></span> <span class='ocrx_word' id='word_1_199' title='bbox 862 3154 1018 3215; x_wconf 88' lang='lat' dir='ltr'><strong>adiunctis</strong></span> <span class='ocrx_word' id='word_1_200' title='bbox 1049 3159 1201 3233; x_wconf 82' lang='lat' dir='ltr'><strong>praeterea</strong></span> 
     </span>
     <span class='ocr_line' id='line_1_32' title="bbox 252 3247 1200 3332; baseline -0.011 -18"><span class='ocrx_word' id='word_1_201' title='bbox 252 3253 397 3332; x_wconf 86' lang='lat' dir='ltr'><strong>precibus</strong></span> <span class='ocrx_word' id='word_1_202' title='bbox 424 3254 462 3312; x_wconf 90' lang='lat' dir='ltr'><strong>ad</strong></span> <span class='ocrx_word' id='word_1_203' title='bbox 490 3252 737 3328; x_wconf 90' lang='lat' dir='ltr'><strong>consequendam</strong></span> <span class='ocrx_word' id='word_1_204' title='bbox 762 3249 983 3311; x_wconf 87' lang='lat' dir='ltr'><strong>Sanctissimae</strong></span> <span class='ocrx_word' id='word_1_205' title='bbox 1004 3249 1062 3308; x_wconf 91' lang='lat' dir='ltr'><strong>Dei</strong></span> <span class='ocrx_word' id='word_1_206' title='bbox 1083 3247 1200 3316; x_wconf 89' lang='lat' dir='ltr'><strong>Matris,</strong></span> 
     </span>
     <span class='ocr_line' id='line_1_33' title="bbox 252 3338 1199 3419; baseline -0.013 -11"><span class='ocrx_word' id='word_1_207' title='bbox 252 3347 290 3408; x_wconf 92' lang='lat' dir='ltr'><strong>B.</strong></span> <span class='ocrx_word' id='word_1_208' title='bbox 312 3345 423 3419; x_wconf 89' lang='lat' dir='ltr'><strong>Petri,</strong></span> <span class='ocrx_word' id='word_1_209' title='bbox 446 3345 479 3405; x_wconf 88' lang='lat' dir='ltr'><strong>S.</strong></span> <span class='ocrx_word' id='word_1_210' title='bbox 494 3343 546 3404; x_wconf 92' lang='lat' dir='ltr'><strong>Pii</strong></span> <span class='ocrx_word' id='word_1_211' title='bbox 574 3346 615 3419; x_wconf 85' lang='lat' dir='ltr'><strong>V,</strong></span> <span class='ocrx_word' id='word_1_212' title='bbox 638 3361 673 3403; x_wconf 85' lang='lat' dir='ltr'><strong>aa</strong></span> <span class='ocrx_word' id='word_1_213' title='bbox 701 3342 863 3415; x_wconf 79' lang='lat' dir='ltr'><strong>civitatis,</strong></span> <span class='ocrx_word' id='word_1_214' title='bbox 895 3360 949 3402; x_wconf 88' lang='lat' dir='ltr'><strong>seu</strong></span> <span class='ocrx_word' id='word_1_215' title='bbox 976 3340 1038 3402; x_wconf 89' lang='lat' dir='ltr'><strong>loci</strong></span> <span class='ocrx_word' id='word_1_216' title='bbox 1060 3338 1199 3409; x_wconf 87' lang='lat' dir='ltr'><strong>Patroni,</strong></span> 
     </span>
     <span class='ocr_line' id='line_1_34' title="bbox 252 3435 1198 3514; baseline -0.012 -14"><span class='ocrx_word' id='word_1_217' title='bbox 252 3439 306 3500; x_wconf 83' lang='lat' dir='ltr'><strong>uel</strong></span> <span class='ocrx_word' id='word_1_218' title='bbox 333 3440 543 3500; x_wconf 90' lang='lat' dir='ltr'><strong>Patrouorum</strong></span> <span class='ocrx_word' id='word_1_219' title='bbox 569 3437 797 3514; x_wconf 89' lang='lat' dir='ltr'><strong>Principalium</strong></span> <span class='ocrx_word' id='word_1_220' title='bbox 828 3435 1096 3497; x_wconf 85' lang='lat' dir='ltr'><strong>intercessionem.</strong></span> <span class='ocrx_word' id='word_1_221' title='bbox 1113 3437 1198 3510; x_wconf 82' lang='lat' dir='ltr'><strong>Atque</strong></span> 
     </span>
     <span class='ocr_line' id='line_1_35' title="bbox 255 3529 1198 3594; baseline -0.006 -1"><span class='ocrx_word' id='word_1_222' title='bbox 255 3535 292 3594; x_wconf 88' lang='lat' dir='ltr'><strong>ut</strong></span> <span class='ocrx_word' id='word_1_223' title='bbox 312 3531 420 3593; x_wconf 84' lang='lat' dir='ltr'><strong>fideles</strong></span> <span class='ocrx_word' id='word_1_224' title='bbox 441 3531 620 3592; x_wconf 87' lang='lat' dir='ltr'><strong>ardentiore</strong></span> <span class='ocrx_word' id='word_1_225' title='bbox 641 3531 744 3592; x_wconf 87' lang='lat' dir='ltr'><strong>animo</strong></span> <span class='ocrx_word' id='word_1_226' title='bbox 759 3534 833 3592; x_wconf 87' lang='lat' dir='ltr'><strong>tunc</strong></span> <span class='ocrx_word' id='word_1_227' title='bbox 847 3533 886 3591; x_wconf 91' lang='lat' dir='ltr'><strong>ad</strong></span> <span class='ocrx_word' id='word_1_228' title='bbox 901 3529 1072 3591; x_wconf 89' lang='lat' dir='ltr'><strong>Ecclesiam</strong></span> <span class='ocrx_word' id='word_1_229' title='bbox 1087 3541 1198 3589; x_wconf 79' lang='lat' dir='ltr'><strong>concur</strong></span> 
     </span>
    </p>
   </div>
   <div class='ocr_carea' id='block_1_2' title="bbox 0 0 1260 4206">
    <p class='ocr_par' dir='ltr' id='par_1_3' title="bbox 0 0 1260 4206">
     <span class='ocr_line' id='line_1_36' title="bbox 0 0 1260 4206; baseline 0 0"><span class='ocrx_word' id='word_1_230' title='bbox 0 0 1260 4206; x_wconf 95' lang='lat' dir='ltr'><strong> </strong></span> 
     </span>
    </p>
   </div>
  </div>
 </body>
</html>
