2456 4192
213 291 240 352 si
261 291 440 369 periclitari
460 296 571 372 perget
585 295 666 371 apud
689 294 754 354 Vos
775 293 914 370 Religio,
930 293 963 353 iu
984 311 1055 355 eam
1073 311 1193 354 vocem

212 403 292 462 quae
305 385 507 462 exaudiatur,
519 387 678 448 Ecclesiae
691 387 794 465 (laput
804 388 1001 464 prorumpet,
1009 385 1062 447 ita
1074 388 1192 447 tamen

213 482 250 540 ut
265 497 432 557 numquam
446 480 543 541 simus
556 498 575 541 a
590 480 761 541 charitatis
774 481 895 558 regulis
916 480 1083 541 recessuri.
1104 478 1196 540 Plu·

212 570 329 633 rimum
362 574 473 633 debere
501 574 628 651 quidem
656 575 721 636 Nos
744 574 942 652 agnoscimus
962 575 1103 647 mundo,
1131 575 1196 634 sed

213 666 274 745 ipsi
295 669 359 728 Deo
379 667 480 727 multo
504 666 604 727 adbuc
626 667 738 745 magis.

273 759 359 834 Noli,
381 759 548 821 Oarissime
570 759 602 820 in
624 759 751 822 cbristo
765 758 830 821 Fili
843 758 973 834 Nostin,
996 759 1076 821 illud
1098 760 1197 821 exis-

214 855 340 929 timare,
363 874 382 916 a
402 854 532 932 politico
553 856 588 914 et
608 855 824 916 tantummodo
852 853 942 914 civili
964 855 1104 930 Corpore
1127 854 1195 914 im-

214 947 333 1010 mutari
354 967 443 1026 posse
464 948 659 1021 doctrinam,
675 951 709 1008 et
729 947 927 1025 disciplinam
942 946 1101 1007 Ecclesiae
1117 949 1197 1008 uni·

214 1058 361 1116 versam,
384 1042 543 1116 contemni
572 1060 609 1102 ac
636 1059 694 1119 pro
719 1040 821 1102 nihilo
842 1041 953 1102 haberi
974 1041 1031 1102 SS.
1047 1042 1194 1102 Patrum

215 1135 488 1214 Consiliorumque
516 1135 716 1210 sententias,
739 1135 960 1196 Hierarchiam
982 1134 1110 1210 everti,
1135 1137 1196 1195 de·

214 1229 302 1290 cerni
323 1246 418 1306 super
438 1230 663 1306 Episcoporum
691 1228 867 1301 electione,
890 1230 947 1289 aut
967 1227 1195 1305 suppressione

151 1311 154 1318 ’
213 1320 445 1400 Episcopalium
467 1322 617 1395 Sedium‚
640 1339 676 1381 ac
705 1339 764 1381 uno
786 1321 883 1381 verbo
911 1339 1033 1382 omnem
1054 1339 1096 1382 ex
1117 1321 1194 1382 eius

215 1415 351 1479 arbitrio
360 1415 612 1484 aedificationem
623 1415 803 1477 Catholicae
814 1415 972 1476 Ecclesiae
986 1415 1193 1492 perturbari,

216 1527 253 1572 ac
274 1509 459 1572 deformari.
542 1523 549 1538 ’

277 1607 349 1686 Ipsa
369 1604 520 1665 Maiestas
540 1605 609 1663 Tua
633 1605 710 1664 duos
732 1603 827 1663 habet
851 1602 884 1663 in
912 1601 1000 1680 regio
1028 1620 1085 1664 suo
1108 1604 1194 1666 Con-

216 1697 288 1758 silio
308 1696 579 1774 archiepiscopos,
595 1713 728 1773 quorum
748 1695 832 1756 alter
853 1713 910 1772 per
930 1695 1118 1756 diuturnum
1140 1697 1193 1756 sni

215 1790 420 1869 Episcopatus
441 1788 577 1865 spatium
600 1787 800 1866 Religionem
820 1792 933 1848 contra
946 1787 1193 1850 incredulitatis

216 1882 361 1944 incursus
375 1880 604 1959 propugnavit3
617 1880 701 1941 alten
718 1898 792 1942 vero
803 1898 926 1956 eorum,
939 1898 1017 1959 quae
1031 1885 1070 1942 ad
1084 1882 1191 1960 ipsam

215 1974 427 2054 Religionem,
440 1974 567 2052 eiusque
582 1974 709 2053 regulas
723 1973 899 2052 pertinent,
915 1974 1056 2054 apprime
1072 1977 1192 2039 doctus

216 2074 382 2148 astatque
403 2068 600 2146 intelligens.
621 2071 684 2130 Eos
710 2070 859 2143 consule,
881 2074 976 2148 atque
1003 2069 1080 2130 item
1103 2075 1193 2132 eete-

217 2181 281 2237 ros,
303 2178 435 2240 quorum
457 2179 589 2239 magnus
610 2162 712 2222 estin
734 2165 844 2241 Regno
866 2181 1026 2238 numerus,
1044 2163 1191 2225 Antisti-

217 2260 278 2330 tea‚
300 2257 513 2332 Doctoresque
535 2270 606 2314 cum
627 2255 758 2333 pietate,
782 2259 848 2316 tum
870 2255 1002 2318 scientia
1023 2260 1193 2335 praestan·

217 2352 289 2424 aes3
311 2365 350 2408 ne
378 2347 411 2407 in
440 2347 617 2425 perieulum
643 2350 817 2410 adducatur
844 2354 976 2411 aeterna
1003 2350 1089 2410 salus
1115 2369 1190 2412 cum

217 2443 306 2516 Tua,
322 2445 389 2502 tum
403 2440 511 2518 populi
525 2441 586 2501 Tui
602 2460 659 2519 per
672 2442 881 2503 inconsultam
903 2444 1166 2522 approbationem
1181 2490 1190 2519 ,

217 2553 296 2614 qnae
317 2533 489 2596 Catholicis
515 2535 657 2596 omnibus
678 2535 824 2597 seandalo
847 2540 931 2597 esset
956 2541 990 2598 et
1011 2537 1188 2599 offensioni.

277 2627 424 2690 Plurima
443 2629 568 2709 quidem
594 2629 665 2691 Tibi
692 2632 731 2690 de
752 2632 819 2690 Tuo
844 2631 1014 2691 detraxisti
1041 2649 1099 2710 pro
1122 2633 1191 2694 Na·

217 2723 316 2786 tionis
336 2726 438 2799 bono;
460 2723 514 2784 sed
542 2723 569 2784 si
593 2724 625 2785 in
649 2728 719 2786 Tua
745 2729 818 2786 erat
842 2727 1000 2802 potestate
1027 2724 1067 2786 iis
1088 2726 1188 2786 etiam

216 2817 339 2880 iuribus
360 2819 487 2892 cedere,
503 2835 583 2894 quae
603 2817 710 2895 regiae
731 2818 898 2879 inhaerent
918 2820 1075 2893 Coronae,
1097 2819 1189 2880 nullo

217 2913 342 2993 quidem
363 2914 454 2974 modo
468 2911 661 2985 abalienare,
673 2916 769 2989 atque
789 2911 926 2973 abiicere
939 2916 1030 2990 potes
1043 2931 1093 2990 ea,
1108 2933 1189 2992 quae

131 3022 136 3035 ²
216 3008 373 3068 debentur
392 3009 481 3081 Deo,
501 3009 598 3083 atque
623 3004 802 3078 Ecclesiae,
824 3003 913 3066 cuius
938 3023 973 3066 es
996 3005 1191 3085 primogeni-

218 3104 271 3163 tus
291 3099 407 3160 Filius.

279 3195 322 3256 Ut
341 3193 418 3265 Nos,
442 3191 495 3269 qni
511 3191 640 3269 Capitis
660 3191 821 3253 Ecclesiae
841 3208 1007 3272 personam
1029 3192 1188 3270 gerimus,

217 3287 250 3350 in
272 3301 393 3348 summa
422 3302 480 3361 pro
502 3284 561 3345 illa
581 3303 747 3347 versamur
773 3283 870 3347 animi
895 3285 1117 3363 aegritudine;
1140 3287 1188 3348 ita

218 3382 282 3445 alia
302 3381 425 3460 pariter
448 3377 576 3440 dolendi
598 3397 692 3440 causa
711 3378 822 3454 Nobis,
837 3396 934 3456 eaque
956 3378 1065 3457 gravis
1086 3397 1189 3440 acees-

217 3477 275 3553 sit,
298 3474 409 3554 utqui
430 3473 542 3536 itidem
566 3473 772 3553 temporalem
795 3472 935 3552 gerimus
960 3471 1183 3564 principatum.
1213 3523 1214 3526 ,
