2456 4192
491 1053 525 1108 Ι.

277 1169 531 1217 vaunaaamraus
558 1173 737 1220 raurauaus

49 1287 334 1346 Parmenonis
349 1287 607 1351 rarusrmus
625 1293 960 1356 nnomumscoms

356 1385 409 1444 nr
430 1387 637 1481 sarsoorrs

235 1545 409 1626 PIUS
455 1548 646 1627 ΡΑΡΑ
701 1549 769 1628 VI.

143 1753 230 1809 ven.
245 1751 406 1822 Fratres,
422 1755 569 1812 ealntem
591 1759 627 1812 et
640 1756 868 1825 apoetclloam

349 1846 641 1906 benedictionem.

102 2031 312 2091 Inscrutabile
338 2032 464 2092 divinae
485 2031 666 2110 Sapientiae
688 2032 876 2109 consilium,
900 2033 989 2095 cuius

25 2141 142 2201 semper
169 2124 332 2184 mirabilia
359 2127 433 2184 sunt
459 2143 576 2202 opera,
601 2125 858 2202 quemadmodum
887 2127 986 2190 David

24 2221 95 2278 natu
118 2217 284 2278 minimum
306 2217 405 2295 elegit
426 2217 511 2276 inter
531 2217 633 2291 mille,
650 2219 842 2298 sustulitque
864 2223 902 2281 de
916 2238 988 2299 gre·

22 2313 107 2387 gibus
130 2313 261 2382 ovium,
285 2316 321 2371 ut
342 2312 373 2371 in
396 2313 520 2374 excelso
542 2313 621 2373 solio
643 2313 764 2391 gloriae
786 2315 908 2393 positus
934 2335 988 2395 po·

1 2449 2 2462 ,
22 2405 127 2478 pulum
149 2423 237 2464 suum
260 2409 415 2486 regeret,
433 2412 526 2486 atque
546 2407 579 2464 in
603 2406 695 2483 virga
716 2405 901 2468 directionis
922 2411 986 2470 Deo

22 2500 167 2558 redderet
181 2496 418 2575 acceptabilem
439 2499 484 2557 sic
506 2501 582 2559 adeo
604 2516 663 2558 uon
687 2500 810 2576 sprevit
823 2501 986 2562 humilita-

23 2597 82 2651 tem
102 2593 276 2666 Nostram,
300 2596 336 2651 ut
356 2591 501 2668 quamvis
522 2592 553 2651 in
576 2593 830 2670 Purpuratorum
853 2596 986 2654 Patrum

24 2686 167 2747 Senatum
192 2685 354 2746 novissimi
376 2685 514 2746 omnium
535 2703 670 2746 essemus
693 2687 868 2764 adscripti,
891 2692 986 2764 atque

23 2785 211 2855 postremum
234 2780 337 2839 locum
352 2784 543 2853 teneremus,
563 2782 628 2842 Nos
643 2785 747 2841 tamen
765 2798 840 2857 prae
856 2781 985 2854 ceteris,

23 2874 69 2946 qui
91 2872 260 2934 Pontificio
283 2872 457 2934 diademate
479 2872 638 2951 digniores
657 2874 861 2947 videbantur,
878 2874 986 2934 volue-

23 2966 64 3024 rit
84 2967 271 3044 episcopalis
293 2965 385 3027 officii
405 2969 520 3028 habere
539 2967 763 3046 principatum,
787 2971 821 3028 et
841 2969 879 3029 ad
901 2968 985 3029 tanti

23 3059 145 3120 honoris
166 3059 397 3121 sublimitatem
417 3066 541 3122 evectos
557 3061 723 3122 universae
737 3062 896 3124 Ecclesiae
911 3080 984 3124 suae

22 3169 83 3212 esse
104 3156 269 3216 Raetores.
292 3156 390 3222 Quam
412 3155 625 3233 dignationem
648 3155 740 3232 plane
757 3157 982 3233 admirandam,

22 3251 50 3305 et
69 3248 244 3309 bonitatem
267 3249 300 3308 in
323 3251 388 3311 Nos
409 3249 604 3321 immensam,
620 3265 714 3326 quum
736 3249 830 3310 taciti
845 3253 879 3311 et
892 3255 984 3330 grato

21 3341 111 3400 animi
134 3360 226 3402 sensu
248 3344 373 3403 assidue
396 3343 680 3416 consideramus,a
701 3342 842 3402 lacrimis
863 3347 981 3421 tempe-

21 3447 88 3492 rare
109 3452 171 3494 non
193 3451 379 3511 possumus,
403 3433 718 3495 beneficentissimam
739 3434 829 3495 illam
855 3436 982 3497 miseri·

1 3526 178 3602 cordiam,
201 3527 297 3587 simul
321 3532 414 3605 atque
444 3527 702 3604 omnipotentiam
732 3528 981 3605 perpendentes,

82 3647 396 3700 mffinmn
863 3654 875 3697 1
