2386 4194
395 185 574 244 -143-

78 291 274 354 Abstinuissct
295 291 435 368 profecto
457 293 527 352 Rex
541 291 829 352 christianissimus
851 309 870 352 a
889 293 967 353 uon·

33 383 170 444 stitutione
191 384 378 457 sancienda3
402 382 477 456 sed,
501 387 635 463 urgente
663 388 758 461 atque
785 384 965 462 impellente

33 477 166 538 Conventa
185 477 369 548 Nadicnali,
394 479 519 538 tandem
540 495 576 537 eo
598 496 630 537 se
651 477 754 555 abripi
774 495 884 555 passus
904 480 966 551 est,

33 571 57 629 ut
73 588 146 633 suam
158 570 386 633 constitutioni
408 570 632 632 auctoritatem
646 571 847 650 adiungeret,
863 587 968 649 quam·

30 665 166 726 admodum
186 665 285 743 ipsius
304 665 448 726 Litterae
471 663 520 724 die
536 665 577 726 28
598 664 689 738 Iulii,
713 665 763 725 die
784 666 804 726 6
824 665 968 742 Septem-

30 757 94 831 bris,
114 761 144 819 et
170 759 220 818 die
243 759 281 820 16
302 758 481 820 Decembris
506 759 544 820 ad
574 760 637 820 Nos
659 760 751 820 datae
772 776 848 836 prae
869 776 902 818 se
923 757 968 818 f-

30 837 235 931 runt,'quibns
255 853 321 913 Nos
342 853 439 914 etiarn
461 858 555 929 atque
578 852 675 912 etiam
696 852 831 930 rogabat
851 851 965 930 primo,

31 949 53 1003 ut
68 945 214 1022 quinque,
236 945 370 1019 deinde,
393 949 430 1006 ut
450 948 591 1022 septem,
615 945 726 1006 saltem
757 961 814 1021 per
839 945 966 1004 modurn

32 1037 203 1113 provisionis,
225 1039 431 1116 probaremus
453 1037 617 1112 articulos,
633 1038 686 1115 qui
708 1055 817 1116 parum
834 1037 919 1097 inter
933 1053 966 1096 se

31 1131 179 1207 dissimiles,
205 1135 302 1194 dolam
326 1151 424 1194 novae
436 1132 678 1194 Constitutionis
693 1132 793 1193 veluti
808 1130 965 1208 epitomen

31 1227 302 1302 conplectebantur.

71 1318 150 1380 lllieo
172 1338 248 1379 sane
269 1319 499 1397 perspeximus,
519 1325 648 1380 neutros
670 1318 823 1380 articulos
844 1333 967 1394 possea

31 1411 103 1471 Nobis
121 1414 260 1490 probari,
284 1417 341 1474 ant
362 1413 513 1487 tolerari,
530 1416 640 1491 utpote
661 1413 714 1490 qni
735 1411 856 1488 regulis
877 1428 968 1470 canc·

33 1503 86 1563 niuis
104 1508 370 1582 adversarentur,
383 1506 532 1567 Nolentes
555 1512 671 1578 tumen,
695 1509 732 1566 ut
753 1505 825 1565 hinc
846 1505 967 1565 inimici

36 1606 192 1666 cuculonem
215 1605 402 1682 populorum
418 1605 670 1683 decipiendorum
684 1605 877 1682 arriperent,
894 1624 967 1683 per-

36 1695 82 1756 inde
100 1717 133 1759 ac
154 1699 183 1759 si
205 1701 269 1760 Nos
290 1699 330 1759 ab
357 1698 441 1758 omni
469 1699 595 1758 ratione
613 1698 844 1759 conciliationis
858 1699 967 1759 ineun-

35 1790 72 1848 dae
86 1811 218 1852 essemus
239 1792 357 1865 alieni,
381 1793 585 1870 volentesque
609 1794 716 1853 eadem
738 1809 861 1867 semper
885 1792 967 1851 inoe·

30 1883 81 1943 dere
105 1884 351 1946 mansuetudinis
380 1886 513 1957 semita,
544 1885 625 1963 Regi
653 1885 882 1946 declaravimus
911 1901 967 1961 per

31 1977 132 2041 Nostros
142 1981 299 2054 Litteras,
313 1980 362 2040 die
376 1980 558 2056 l7Augnsti
579 1979 617 2039 ad
640 1980 742 2057 ipsum
753 1978 969 2058 datas(l),ar·

36 2069 117 2134 ticulos
137 2073 316 2133 huiusmodi
338 2093 392 2133 nos
413 2073 521 2133 sedulo
543 2091 762 2151 perpensuros,
784 2077 818 2133 et
838 2072 870 2132 in
893 2091 968 2132 con·

37 2161 110 2226 silium
132 2170 299 2227 vocaturos
322 2168 354 2227 S.
373 2170 412 2228 R.
430 2169 466 2228 E.
488 2167 683 2240 Gardinales‚
706 2166 761 2244 qui
783 2165 875 2230 simul
896 2184 969 2225 con-

30 2262 126 2336 gregati
149 2261 254 2322 omnia
275 2261 312 2322 ad
336 2261 493 2322 trutinam
516 2265 712 2321 revocarent.
727 2260 769 2321 Hi
788 2273 882 2338 porro
898 2277 967 2319 cum

27 2352 96 2412 simul
117 2354 163 2414 bis
184 2354 404 2416 conuenissent
433 2356 483 2414 die
504 2355 544 2414 24
566 2353 784 2431 Septembris,
807 2357 841 2413 et
862 2352 912 2414 die
929 2352 968 2412 16

26 2443 203 2521 decembris,
228 2452 264 2508 ut
286 2447 425 2525 primos,
450 2448 483 2507 et
503 2447 621 2507 alteros
643 2445 796 2509 articulos
814 2447 969 2528 expende-

25 2542 101 2612 rent,
122 2539 228 2601 habitc
251 2557 357 2601 rerum
379 2541 516 2602 omnium
539 2541 780 2619 diligentissimo
800 2539 967 2612 examine,

27 2633 144 2693 unanimi
156 2635 356 2695 consensione
369 2640 534 2712 putarunt,
547 2636 720 2696 sententias
734 2634 969 2697 Gallicanorum

24 2722 227 2804 Episcopornm
249 2746 344 2806 super
365 2729 533 2808 propositis
556 2729 701 2790 articulis
722 2747 789 2789 esse
804 2728 970 2806 exquiren-

24 2814 76 2889 das,
97 2825 129 2880 nt
148 2822 328 2883 canonicam
354 2825 526 2899 quandam,
546 2823 572 2883 si
595 2824 665 2884 fieri
681 2828 795 2901 posset,
812 2822 967 2882 rationem

26 2905 71 2982 ipsi
89 2912 318 2992 indigitarent,
340 2933 432 2992 qnam
454 2916 506 2976 hic
528 2922 600 2994 epte
622 2916 801 2995 excogitari
816 2934 903 2994 posse
917 2915 969 2975 lo-

28 3016 114 3063 corum
134 3007 306 3069 interualla
328 3009 499 3083 velabant,
519 3010 621 3071 veluti
642 3012 706 3073 Nos
730 3010 790 3088 ipsi
813 3026 868 3087 per
889 3007 969 3070 alias

24 3091 137 3158 Nostros
156 3101 299 3162 Litteras
318 3103 401 3180 Regi
420 3102 693 3165 christianissimo
714 3107 788 3166 ante
810 3102 970 3180 signifiea-

24 3203 160 3254 seramus.

73 3285 215 3348 Nostrum
237 3289 362 3349 interea
384 3289 533 3363 dolorem,
549 3307 608 3367 quo
631 3291 834 3352 vehementer
856 3292 970 3352 afficie-

24 3369 129 3452 bamur,
150 3400 208 3441 non
229 3382 313 3442 levis
332 3382 505 3444 consolatio
526 3383 654 3457 lenivit,
671 3386 743 3444 dum
763 3385 891 3446 interim
906 3403 971 3446 ma·

74 3492 106 3548 (1)
122 3494 175 3543 viu.
192 3509 249 3557 unp.
261 3509 319 3557 pag.
330 3498 369 3546 81.
