2386 4194
399 194 579 255 -171-

24 313 79 356 esse
99 314 155 356 uou
180 297 390 375 ambigimus,
413 306 521 380 utpote
545 303 586 362 sb
609 319 647 361 so
672 301 855 379 prolatum,
877 301 930 380 qui
952 321 973 364 s

23 388 134 450 christo
146 389 277 452 Domino
292 392 433 454 universi
449 395 555 474 gregis
569 396 685 456 Psstor
702 397 893 458 constitutus
908 399 968 470 est,

23 481 134 560 eiusque
154 484 320 546 doetrinae
333 487 500 565 Magister,
521 491 556 549 et
576 488 806 550 ecelesiastioss
819 491 968 551 Centrum

23 575 150 638 uuitstis.
173 578 322 640 Eiusdem
343 581 511 642 eselsstom
535 582 624 644 vobis
647 585 796 661 gratiam,
811 599 971 662 aooppor-

21 673 86 732 tuus
105 671 210 733 omnis
230 672 316 734 hisne
337 674 523 736 miserrimis
549 676 741 754 temporibus
765 677 970 754 imploramus

20 763 176 838 praesidia,
191 767 286 842 etque
307 764 338 824 iu
361 767 474 829 horum
496 769 671 847 auspicium
695 768 897 847 apostolieum
919 767 972 828 bs·

21 855 216 916 sedictionem
238 858 343 933 vobis,
366 860 475 923 dileoti
496 861 571 936 lilii,
593 866 726 941 paterno
755 862 847 940 pluue
867 859 971 926 auimo

21 953 209 1022 peramanter
230 951 443 1029 impertimur.

68 1043 180 1104 Datum
202 1045 319 1106 Romae
341 1048 422 1123 apud
444 1048 477 1107 S.
492 1048 621 1109 Petrum
643 1048 698 1109 sub
718 1047 843 1110 Annulo
865 1046 972 1108 Pisou-

23 1132 98 1204 toris,
119 1134 170 1194 dis
190 1136 267 1198 XVI
284 1137 404 1215 Aprilis
425 1140 614 1213 MDOOXOI,
630 1139 838 1202 Pontificatus
858 1138 970 1201 Nostri

21 1229 96 1286 luno
116 1229 221 1288 XVII.

581 1324 777 1388 Benedictus
795 1324 889 1402 stay.

389 1530 586 1592 xum.

120 1627 273 1699 EPIST.
299 1631 587 1703 CARDINALIS
610 1634 645 1702 A
668 1633 861 1702 ZELADA
902 1739 905 1744 Δ

141 1810 391 1888 Archiepiscopo
412 1821 444 1873 et
464 1813 608 1874 Electus-s·
628 1813 836 1892 Mopunts'no.

162 1975 457 2049 numentinum,
469 1980 506 2036 st
515 1978 813 2041 Reverendissims

247 2070 392 2130 Domine
412 2071 743 2131 observandissime.

70 2261 108 2320 Ut
128 2258 235 2335 nooepi
246 2258 389 2320 Litteras
404 2257 600 2318 Fmiueutiue
611 2260 696 2320 Tune
718 2257 768 2318 dis
790 2259 831 2320 22
845 2257 970 2334 Martii,

21 2363 116 2428 sesque
138 2350 274 2429 perlegi,
290 2368 346 2410 neo
364 2369 423 2410 uon
444 2354 477 2410 et
491 2350 600 2410 iisdem
622 2348 742 2410 inserts
756 2349 972 2412 obnuuuietio·

21 2442 67 2515 uis,
82 2449 113 2506 et
129 2443 369 2534 protestationis
382 2444 471 2518 folin,
486 2443 596 2505 statim
610 2444 879 2504 nommuuiooudos
894 2447 969 2506 tuus

19 2540 185 2610 praeclaros
205 2557 314 2599 sensus
335 2540 418 2598 'luos
439 2556 507 2598 cum
530 2537 736 2598 sanctissimo
758 2537 887 2598 Domino
908 2539 971 2599 No·

19 2633 74 2690 stro
87 2635 177 2706 duxi,
192 2631 245 2709 qui
267 2632 380 2692 mirum
397 2631 428 2693 iu
450 2634 574 2693 modum
596 2630 827 2691 commendarit
846 2631 973 2706 Episco-

19 2725 107 2798 pulem
122 2729 226 2788 Tuum
246 2725 398 2799 animum,
413 2743 449 2786 eo
469 2743 643 2814 moerorem
659 2741 746 2787 suum
770 2723 912 2784 uouuihil
927 2742 969 2784 ex

21 2883 83 2944 illius,
96 2889 138 2936 oni
154 2889 279 2936 Dominus
295 2900 347 2935 nou
364 2900 444 2947 ugnos
459 2889 568 2944 tentum,
580 2886 626 2934 eeu
641 2889 667 2933 st
683 2899 752 2945 oves,
775 2887 869 2933 mutuos
895 2898 970 2944 αμο-

22 2971 71 3020 mu,
81 2963 223 3024 pascentius
239 2965 372 3021 summisit,
390 2976 464 3023 quem
480 2964 610 3011 Psstorsm
627 2963 761 3010 Pastorum
777 2961 918 3010 constituit.
930 2959 971 3008 Au

22 3037 248 3093 messuerimus
265 3043 334 3089 Tuus
349 3041 480 3100 provoluti
495 3041 562 3087 usne
579 3053 595 3087 s
611 3041 646 3086 {le
662 3038 779 3098 guntinus,
802 3039 828 3086 et
843 3037 971 3097 Apostoll-

20 3124 67 3162 σιω
80 3116 284 3166 Benediotiousm
299 3115 442 3164 humillime
457 3114 626 3174 exposuimus.

109 3191 271 3252 Argentorutl
286 3191 315 3239 lu
330 3193 431 3240 Alsutiu
447 3190 488 3238 dis
503 3192 577 3238 xvll
594 3189 708 3238 quunrii
723 3189 789 3236 A.S.
801 3189 953 3238 uuucxcr.

191 3268 341 3316 Senotltstis
357 3271 427 3315 Tuse

76 3342 232 3391 Devotissimi
248 3344 274 3390 et
289 3343 426 3390 humillimi
442 3343 516 3390 Servi
532 3355 563 3390 su
579 3341 778 3390 obsdlsutlsslml
793 3340 855 3388 Filii
945 3378 948 3381 .
973 3331 975 3352 ³

236 3441 240 3448 ·
291 3414 403 3466 Iusolos
421 3413 556 3465 cannones·
579 3414 702 3464 Civitatis
721 3412 968 3477 Arpsutorntsms's.

570 3489 694 3542 willelm
712 3490 885 3542 Ssorsturs'sss.
