2498 4200
427 247 607 307 ..253-

42 354 169 431 piscopis
191 357 225 413 et
245 352 416 430 Episcopie,
431 369 466 412 ac
480 351 605 412 dilectis
626 350 702 412 liliis
724 351 887 428 capitulis,
903 353 1001 426 clero,

42 455 71 509 ct
90 448 206 526 populo
227 447 403 507 Galliarum
425 446 516 524 regni
538 447 595 524 (l).
613 449 656 506 At
679 462 778 519 nunc,
799 447 862 508 iam
891 447 1005 525 elapsis

45 541 200 602 mensibus
221 558 294 614 sex,
318 558 377 600 non
400 539 499 600 solum
522 539 661 612 nullum,
680 544 770 601 tanto
795 539 945 617 temporis
959 540 1008 600 in-

46 632 195 706 tervallo,
212 652 230 693 a
250 632 404 693 aneoio
425 631 599 718 accepimus
620 631 769 692 indicium
793 634 1007 710 poenitentiae

48 731 77 786 de
96 726 313 788 cardinalatus
333 724 549 796 abdicatione,
573 727 624 784 sed
647 726 746 784 etiam
773 745 829 804 per
851 746 1007 806 arrogan-

48 823 135 892 tiam,
160 825 195 880 et
218 821 431 895 contemptum
459 818 664 878 comminatae
689 819 878 896 privationis
901 821 946 901 (2)
968 822 1007 882 il·
1044 851 1052 870 s

49 915 101 974 lum
124 915 158 972 in
182 912 341 991 proposito
363 914 507 987 perstare
529 911 709 972 luculenter
730 909 953 990 intelligimusss

98 1010 210 1083 ltaque
225 1023 294 1064 oum
309 1005 488 1082 ambigendi
503 1022 564 1063 non
580 1005 623 1064 sit
634 1006 719 1065 locus
732 1007 769 1064 de
782 1015 1004 1083 perseverante

49 1101 192 1161 tomenti
203 1098 366 1158 voluntate
379 1099 411 1158 in
423 1098 636 1159 cardinalatus
648 1099 838 1166 dimissione,
849 1103 923 1161 adeo
936 1119 1005 1178 per-

50 1191 154 1269 spicuis
175 1191 360 1252 confirmata
380 1190 637 1268 probationibus,
658 1195 695 1252 ut
716 1193 857 1253 omnibus
878 1192 922 1252 sit
943 1193 1007 1254 cla·

50 1287 106 1346 rior
134 1286 315 1361 certiorque
344 1285 654 1359 renunciationibus,
682 1303 758 1361 quas
786 1287 886 1346 adhuc
918 1288 1005 1346 ratas

50 1380 151 1440 tabuit
173 1381 250 1438 haec
278 1379 451 1455 apostolica
471 1380 589 1453 Sedes,
614 1386 648 1439 et
675 1379 877 1456 probationes
898 1381 1006 1440 vincat

51 1474 147 1533 aiure
169 1472 339 1549 requisitas
354 1471 410 1552 (3),
427 1472 545 1532 diutius
559 1473 655 1534 Nobis
679 1475 920 1552 exspectandum
943 1493 1004 1534 non

51 1585 104 1626 cose
122 1565 321 1638 censuimus,
337 1569 373 1625 ut
386 1567 615 1627 abdicationem
632 1567 806 1626 huiusmodi
823 1568 854 1625 in
870 1570 927 1628 hoc
941 1571 1007 1629 No·

52 1664 106 1718 stro
127 1658 315 1718 consistorio
335 1660 588 1719 admitteremus.
603 1660 695 1720 Nova
717 1669 776 1718 non
800 1664 873 1720 sunt
895 1661 927 1719 in
949 1663 1007 1722 Ec-

51 1753 220 1814 clesiastico
248 1753 382 1813 historia
409 1754 540 1814 illorum
567 1753 727 1830 exempla,
753 1753 807 1830 qui
835 1754 1007 1830 dignitates

50 1863 112 1908 suas
133 1846 338 1918 dimiserunt,
354 1851 392 1906 ut
405 1847 587 1923 probrosam
602 1850 636 1906 et
649 1845 866 1907 inevitabilem
881 1848 1008 1907 damna·

52 1939 159 2000 tionem
175 1938 412 2016 praevenirent:
428 1939 523 1998 immo
537 1957 576 1998 ex
588 1939 743 1998 sententia
757 1942 937 1998 sanctornm
948 1939 1008 1998 Pa-

52 2037 146 2107 trnm,
169 2029 398 2104 Conciliorum,
421 2034 454 2090 et
475 2029 665 2090 Pontificum
693 2030 724 2089 id
746 2031 779 2090 in
807 2030 923 2108 spiritu
945 2032 1008 2090 hu·

53 2124 207 2196 militatis,
223 2127 258 2183 et
277 2139 346 2183 cum
369 2122 580 2183 detestatione
599 2123 719 2183 erroris
733 2127 805 2185 erat
818 2124 1006 2195 faciendum,

56 2221 82 2278 ut
98 2235 210 2294 nempe
231 2215 322 2276 iuxta
342 2215 496 2275 monitum
517 2217 555 2275 D.
572 2215 615 2274 Io.
632 2216 847 2294 Chrysostomi
865 2216 922 2297 (4),
938 2217 1008 2295 quis

52 2311 227 2372 antevertat
248 2309 451 2378 sententiam,
466 2306 604 2366 dimissis
618 2308 801 2381 honoribus,
818 2312 852 2370 et
866 2311 1008 2370 omnibus

103 2641 137 2697 (1)
153 2637 184 2687 Id
199 2649 252 2686 non
261 2635 414 2697 dissimulat,
425 2636 469 2694 qni
484 2649 530 2695 pro
541 2637 661 2684 Lomento
678 2634 781 2696 scripsit
798 2638 841 2684 cit.
855 2635 901 2684 lib.
917 2635 1007 2684 Obser-

50 2716 146 2766 ootiom
162 2729 212 2763 cur
230 2714 256 2762 lc
266 2711 340 2776 Brcs
348 2711 386 2760 du
403 2709 486 2775 Popc,
496 2725 554 2772 pag.
565 2715 597 2761 24
607 2715 681 2760 etit.
698 2710 722 2774 §.
734 2710 774 2758 Le
794 2709 878 2775 Papo,-
897 2714 923 2760 et
939 2714 1007 2760 ovin-

51 2797 105 2841 cuut
124 2791 218 2840 Gallici
237 2790 370 2846 Auctores,
382 2786 450 2835 dnm*
462 2799 493 2835 co
513 2789 605 2846 omnio,
618 2800 683 2848 quac
701 2800 748 2847 pro
768 2787 889 2835 Lomento
911 2788 1009 2847 scripta

51 2873 111 2927 unt,
126 2871 203 2930 plone
223 2867 390 2914 confutarunt
408 2865 463 2912 suis
482 2863 722 2921 lucubrationibus,
743 2865 849 2912 scilicet:
870 2867 957 2911 Lottro
977 2864 1008 2910 de

50 2944 131 2994 libbi
145 2947 238 3001 Royou
248 2942 264 2989 t
273 2941 403 2989 Monsieur
421 2939 452 2986 de
471 2941 590 2988 Lomento
609 2938 796 2990 decordindisa
814 2938 901 2986 moitis
912 2939 942 2986 de
955 2938 1007 2997 gre,

51 3019 128 3068 mollia
144 3021 175 3066 de
185 3019 264 3075 force,
276 3019 342 3064 mais
351 3016 472 3073 tonjours
494 3015 659 3074 Archcvoque
669 3015 700 3062 de
713 3017 777 3064 Sans
786 3013 883 3074 melgrt
893 3015 938 3072 lui,
950 3014 1010 3061 mal-

52 3095 89 3154 vrb
97 3097 124 3145 la
133 3093 314 3152 conmitntiom
325 3094 352 3140 et
363 3090 536 3139 reuredum.
548 3093 629 3139 chri
638 3091 783 3140 Alexandro
792 3090 920 3138 Andaincl
930 3090 1012 3137 comte

53 3169 368 3229 d’lntrsiguastlttionne
385 3166 493 3216 charles
511 3166 542 3215 de
561 3169 681 3215 Lemonia
697 3166 865 3227 Archevique
884 3166 916 3214 de
937 3167 1011 3226 Sena,

53 3244 105 3296 dato
120 3243 254 3296 Aurcbani
270 3241 553 3300 di010.1rali1761,ot
570 3242 640 3301 typis
656 3241 725 3290 edita
742 3244 769 3290 tn
789 3242 877 3291 eadam
892 3240 1011 3292 civitate.

107 3325 143 3379 (8)
157 3322 265 3370 Journal
274 3318 474 3377 Eccltniastiqne
488 3318 551 3367 Juin
563 3318 749 3377 maumas.
760 3317 840 3378 usquo
851 3317 883 3366 ad
892 3317 1012 3378 pratili.

106 3401 142 3456 (8)
158 3399 218 3456 cap.
230 3395 268 3446 Io
273 3393 430 3460 praesentio
441 3396 465 3442 6.
477 3394 509 3442 de
518 3393 717 3444 renuntiatione.

110 3475 144 3529 (4)
158 3473 197 3520 De
208 3471 355 3521 sacerdotio
364 3468 465 3518 lium.
478 3482 533 3530 cop.
545 3471 576 3519 X.
587 3472 649 3518 tom.
661 3472 683 3517 Ι.
695 3481 764 3530 opor.
775 3467 836 3518 edit.
848 3469 930 3518 Paris.
941 3471 1010 3517 Mon·

56 3547 98 3597 rin.
109 3559 166 3610 por.
179 3547 234 3597 888.
901 3557 902 3560 ’
