2386 4194
375 215 556 277 -1or-

33 339 74 398 goe
89 321 163 380 buius
181 321 267 382 Sedis
286 323 324 383 de
346 326 526 382 vestrarum
547 337 655 383 rerum
675 321 854 382 rationibus
875 339 946 381 asn-

32 432 67 474 sur
81 416 141 489 sint,
161 419 260 476 tamen
279 417 395 478 'l'eeum
417 415 513 478 etiam
538 416 711 495 peculiares
732 415 826 477 huius
847 413 940 475 offleii

30 507 109 568 Nostri
126 513 224 586 partes
244 510 371 590 explere
392 511 590 589 suseipimue,
604 527 744 588 quaeque
761 510 879 572 Nostra
900 507 945 568 sit

30 603 54 660 ts
69 603 122 662 lua
138 603 305 682 Episoopali
336 604 492 677 virtute,
508 603 665 682 animique
693 601 883 664 tortitudine
910 603 945 662 et

30 695 166 757 enuntia
178 697 383 772 existimatio,
399 715 460 758 non
475 697 542 758 sine
557 697 695 776 plurima
708 695 834 775 paterni
848 695 947 756 animi

29 787 182 850 iucunditate
203 808 398 869 expromere.
418 794 521 870 Atque
542 791 594 852 hio
614 791 692 852 illud
714 793 945 870 peropportune

28 880 117 954 aooidit,
137 887 227 944 nter
248 885 306 948 hae
327 885 396 963 ipsa
416 884 652 962 responsionum
666 883 854 946 Nostrarum
868 899 944 943 eun·

31 978 237 1043 ottone-multo
258 983 360 1044 maius
380 1000 416 1044 ao
438 981 558 1044 eortius
571 983 739 1044 habeamus
759 983 941 1041 vestrorum

30 1071 170 1134 mritorom
184 1077 418 1155 argumentum,
433 1076 514 1152 quod
536 1080 601 1138 tam
619 1074 737 1136 eximia
749 1073 891 1147 oonsssia,
907 1089 943 1134 ao

28 1161 82 1224 tote
97 1169 194 1230 vestra
223 1186 284 1228 non
305 1187 346 1230 ex
367 1167 460 1242 ullis,
480 1185 559 1247 quae
585 1165 861 1246 praemiserimus,
883 1165 947 1228 No-

27 1259 82 1316 tus
98 1260 282 1322 hortationis
303 1260 536 1334 imitamentis,
552 1262 603 1321 aad
629 1265 736 1322 vestra
756 1261 885 1338 sponte,
899 1261 949 1319 at·

28 1363 64 1422 lne
75 1355 146 1413 terta
162 1354 326 1432 praeolare
339 1353 516 1416 voluntatis
531 1354 710 1416 inductione
730 1351 947 1432 provenerint.

29 1437 97 1502 lanto
113 1445 209 1524 igitur
223 1447 326 1525 magis
346 1447 436 1508 vobis
449 1446 603 1522 omuibus,
619 1446 672 1525 qui
693 1446 726 1506 in
749 1448 807 1508 hae
828 1450 950 1523 tempo-

31 1547 73 1592 nn
86 1540 288 1613 perennitate
310 1539 374 1602 tale
395 1542 581 1618 tantumque
595 1539 794 1619 praetulistis
809 1538 949 1618 Religio·

34 1623 227 1708 uipoeimen,
252 1632 283 1692 in
305 1631 437 1694 Domino
458 1633 674 1711 gratulamur,
698 1637 850 1711 tantoque
871 1631 951 1693 effu·

33 1715 82 1780 ion
95 1722 122 1783 in
142 1743 197 1786 voa
218 1724 414 1786 cumulamus
441 1725 627 1786 Pontitleiae
651 1725 737 1787 voris
763 1725 949 1804 praeeonia,

29 1817 104 1884 quoto
125 1819 340 1897 parspeotiora
364 1818 570 1897 uberioraque
600 1823 747 1881 oonsunt
767 1821 947 1880 vestrorum

28 1905 158 1973 uiuorum
179 1914 212 1974 in
236 1917 329 1975 tanta
348 1914 565 1993 ingruentium
591 1915 745 1976 malornm
773 1911 949 1976 aoerbitate

30 1999 175 2068 totnonis.
199 2010 321 2070 Vestra
341 2007 441 2087 igitur
469 2008 608 2082 virtute,
631 2008 749 2072 vestris
773 2007 859 2068 hisee
879 2005 950 2068 lau·

32 2090 84 2156 dibu
100 2117 208 2180 magna
229 2119 270 2162 ex
291 2106 382 2179 parte
396 2103 534 2163 solamur
548 2101 688 2162 dolorem
704 2103 871 2173 Nostrum,
885 2115 947 2178 quo

31 2197 53 2241 u
65 2187 178 2254 istmom
199 2194 427 2270 Eeeleaiarum,
448 2196 702 2274 Episoopatuum,
724 2209 948 2269 serrarumque

27 2291 96 2380 bun
115 2290 253 2352 omnium
273 2292 467 2370 direptione,
489 2292 668 2367 eversione,
691 2288 949 2371 perturbatione,

25 2385 135 2442 romense
159 2403 298 2446 sanese
325 2403 444 2446 summo
472 2386 692 2464 peroellimur,
715 2389 865 2463 tantoque
894 2399 950 2444 vos

23 2477 115 2534 nlibero
131 2467 237 2538 ¹tantis
258 2477 360 2539 obniti
380 2479 594 2556 reluotarique
614 2479 856 2557 tempestatibus
876 2478 949 2538 dum

22 2556 140 2658 ¹silenus,
153 2571 359 2647 antiquorum
373 2572 575 2633 recordamur
588 2573 746 2635 Eoolesiae
761 2572 949 2649 temporum,

21 2659 157 2732 uquihne
187 2667 309 2742 quanto
336 2664 461 2726 aoriora
491 2666 715 2729 inseotautium
744 2665 951 2743 insurgebant

21 2742 78 2822 ὼ,
96 2757 180 2817 unte
200 2757 305 2816 maior
324 2756 362 2816 ad
385 2758 606 2833 resistendum,
621 2777 657 2820 ao
677 2760 715 2822 ad
737 2757 838 2819 vitam
851 2755 949 2817 etiam

20 2839 246 2923 infundendam,
257 2849 444 2927 praesertim
467 2851 499 2912 in
515 2852 613 2912 saeris
627 2851 840 2923 praesulibus,
855 2849 950 2910 ardor

23 2931 152 3030 ttioabat.
166 2943 255 3010 Quod
275 2942 316 3000 de
337 2941 511 3003 Gallicanis
532 2961 610 3022 pene
632 2943 774 3005 omuibus
788 2941 949 3020 Episeopis

23 3019 131 3108 trimus,
152 3035 211 3096 loo
233 3037 272 3096 de
292 3035 337 3095 'Pe
358 3034 581 3113 singulariter,
599 3036 722 3100 Dileete
737 3035 803 3098 Fili
818 3036 948 3109 Noster,

20 3123 211 3190 eradicamus.
229 3127 366 3190 Mirilloe
380 3130 463 3191 enim
479 3131 548 3191 Tua
568 3130 672 3192 illeotl
693 3129 816 3192 virtute
830 3145 948 3202 sumus,
1066 3191 1068 3198 ,

18 3219 42 3266 to
61 3215 86 3273 in
105 3221 220 3284 Nostro
246 3222 284 3282 de
309 3222 355 3281 Te
379 3222 497 3285 iudieio
524 3223 704 3284 oonflrmati
733 3240 790 3302 per
816 3222 951 3284 eximias

19 3297 134 3385 litterae,
148 3333 225 3392 quas
246 3316 284 3375 ad
305 3315 371 3376 Nos
391 3313 526 3390 dedisti,
548 3320 583 3377 et
602 3333 659 3395 per
674 3315 861 3378 transmissa
874 3315 951 3376 folia

18 3409 68 3457 eum
85 3404 325 3480 Declarationis‚
346 3417 414 3469 tum
435 3409 658 3471 Instruotionis
679 3409 872 3483 Pastoralis,
895 3425 951 3469 nee
1000 3437 1003 3444 v

18 3505 62 3553 non
85 3507 114 3562 et
136 3522 191 3582 per
213 3505 391 3584 Epistulam
415 3506 453 3568 ad
479 3507 606 3569 Olerum
626 3507 843 3584 Populumque
864 3507 950 3566 Tuae
1057 3593 1065 3604 ,
