2386 4194
12 308 150 370 nentium
164 309 349 386 Episcopum
364 309 511 370 Indorum
533 309 567 370 in
588 308 725 372 Concilio
740 309 959 380 Sacerdoturn,

12 403 111 479 populo
140 403 235 463 inscio
256 403 313 483 (l).
341 405 374 464 S.
398 402 536 468 Basilius
564 402 721 481 ologitin
746 419 802 464 sua
828 402 958 481 Synodo

12 497 209 571 iinphronium
233 496 423 575 Episcopum
449 495 725 576 Nicopolitanum,
747 496 862 572 absque
892 494 961 558 ulla

12 591 149 665 petitione
171 595 204 652 et
225 609 378 654 consensu
399 591 530 666 civium,
544 595 579 654 et
598 589 705 670 populi
720 587 777 670 (2).
794 591 827 650 S.
840 591 959 667 Grego-

12 683 64 742 rius
76 686 104 744 Π
118 684 284 746 ordinavit
299 687 331 746 S.
348 685 544 752 Boniiacium
565 685 752 766 Episcopum
774 684 807 746 in
829 686 960 746 Germa·

17 776 71 849 nia,
95 777 177 838 nihil
198 781 237 838 de
258 797 295 840 ea
315 796 351 841 ra
372 779 564 853 scientibus,
587 777 863 856 cogitantibusque
883 778 963 838 Ger-

18 871 104 930 manis.
135 872 207 948 Ipse
237 872 479 934 Valentinianus
510 874 693 950 Augustus,
722 889 792 932 cnm
821 871 859 956 ad
889 887 960 932 eum

19 964 174 1026 deterretur
188 966 227 1026 ab
241 966 403 1044 Episcopis
424 966 537 1028 eiectio
552 965 700 1043 Episcopi
714 963 958 1026 Mediolanensis

16 1058 174 1132 respondit:
197 1078 216 1118 s
239 1059 341 1120 Maius
362 1062 412 1120 ast
432 1058 555 1120 viribus
576 1058 655 1120 meis
674 1058 769 1136 istud
784 1056 960 1136 negotium

16 1150 93 1209 »Vos
106 1168 186 1211 vero
208 1151 261 1228 qui
283 1151 392 1214 diuina
406 1151 514 1230 gratia
527 1151 642 1232 repleti
658 1153 748 1226 estis,
763 1156 798 1213 et
811 1150 865 1228 qui
880 1150 962 1213 divi·

15 1257 100 1300 ›nnrn
110 1242 193 1304 illud
206 1262 321 1304 numen
335 1244 498 1318 hausistis,
508 1244 621 1306 meiius
635 1245 770 1306 electuri
784 1244 862 1305 estis
872 1261 889 1304 a
900 1241 957 1324 (3).

16 1333 80 1400 Quae
97 1337 342 1399 Valentinianus
363 1336 475 1412 sensit,
490 1355 529 1398 aa
542 1338 643 1415 magis
664 1338 795 1412 sentire,
811 1342 846 1399 et
859 1335 962 1398 decia·

16 1444 72 1487 rare
90 1431 242 1494 deberent
261 1431 376 1494 Gallici
399 1431 575 1506 districtus,
592 1434 626 1493 at
639 1431 790 1509 amplecti
804 1429 959 1494 Catholici

22 1519 196 1596 imperantes.

69 1618 216 1680 Aduersus
244 1619 398 1680 hactenus
424 1617 526 1682 alisia
552 1618 723 1696 insurgunt
743 1617 907 1680 Lasiam
928 1617 961 1676 et

24 1705 171 1784 Caluinus,
195 1729 365 1788 eorumque
386 1712 541 1786 asseclae,
564 1715 757 1790 opponentes
781 1709 959 1787 exemplum

18 1801 42 1862 S.
55 1804 151 1880 Petri,
176 1805 230 1882 qui
251 1809 339 1868 stans
360 1805 394 1864 in
416 1805 518 1867 medio
543 1805 681 1868 fratrum
710 1804 811 1866 dixit:
840 1805 961 1866 ‹iirat

19 1903 129 1962 »aubin
163 1900 259 1964 turba
286 1901 446 1960 hominum
472 1900 565 1960 simul
591 1900 659 1962 iere
680 1903 805 1962 centum
827 1897 959 1977 viginti:

21 1993 160 2070 »Oportet
181 2013 226 2056 ex
246 1996 296 2056 his
316 1995 408 2068 vinis,
430 1995 484 2072 qui
507 1996 666 2056 nobiscum
687 1997 760 2057 suut
773 1993 958 2072 congregati

23 2085 68 2144 ›in
85 2089 167 2148 omui
190 2092 345 2166 tempore,
368 2092 404 2149 ut
424 2089 507 2151 alins
528 2088 703 2168 eligeretur
723 2090 755 2149 in
777 2088 881 2150 locum
901 2088 960 2148 mi·

19 2181 174 2254 ›nistorii,
197 2186 232 2242 et
251 2184 465 2260 apostolatus,
493 2185 532 2244 ‹io
557 2201 618 2261 quo
646 2183 885 2260 praevaricatus
909 2185 959 2244 est

17 2275 163 2337 aindas.»
184 2277 244 2338 Sed
262 2294 426 2354 perperam
442 2278 623 2356 insurgunt3
640 2295 710 2341 nanu
727 2277 829 2355 primo
842 2278 959 2340 Petrus

17 2383 60 2424 nou
81 2369 209 2448 reliquit
231 2369 344 2431 turbae
364 2370 546 2432 libertatem
568 2371 706 2450 eligendi
735 2389 959 2449 quemcumque

18 2461 158 2536 voluissem
174 2465 227 2526 sed
250 2464 467 2542 praescripsit,
486 2467 520 2524 et
542 2463 723 2542 designavit
743 2481 838 2526 unum
853 2483 894 2524 ex
908 2465 959 2524 bia

21 2554 79 2613 oirie
97 2555 150 2634 qui
170 2573 276 2618 seeum
298 2561 390 2633 auant
411 2558 606 2637 congregati.
627 2560 758 2619 Omnem
779 2575 875 2636 porro
897 2557 960 2618 dis·

17 2817 169 2875 irrumptione
178 2818 327 2877 Principum
336 2819 420 2868 iactas
429 2820 532 2880 penitus
542 2820 754 2870 interdicentibus
764 2817 954 2878 concordantes,

20 2883 128 2941 tetuinus
138 2895 163 2940 et
172 2895 327 2942 saumatiam
341 2907 389 2942 nos
399 2908 498 2954 quoqne
508 2897 669 2957 proterimus,
681 2899 710 2945 ut
719 2899 743 2945 si
752 2897 810 2956 quis
819 2896 959 2958 Episcopus

19 2971 53 3015 itr
59 2969 186 3016 versutiam
207 2969 250 3017 vel
266 2969 431 3028 tyrannidem
440 2972 589 3032 Principum
599 2972 746 3021 huiusmodi
755 2972 889 3032 dignitatis
898 2985 958 3021 con·

19 3041 160 3092 suetonum
178 3045 327 3106 susceperit,
339 3045 481 3107 deponatur
489 3047 650 3108 omnimodis
662 3050 751 3110 utpote
760 3049 805 3110 qui
813 3062 865 3098 non
874 3060 906 3098 ax
914 3060 957 3098 vo-

18 3109 95 3164 luntate
109 3121 220 3168 carnalis
230 3133 322 3170 sensns
331 3135 361 3169 ex
372 3122 519 3170 hominihus
528 3125 554 3172 et
564 3137 609 3183 pes
617 3115 734 3173 homines
742 3125 789 3174 Dei
799 3124 894 3174 donum
903 3136 959 3184 pos·

18 3186 81 3237 ridere
89 3195 169 3242 voluit
178 3197 220 3244 vel
230 3197 384 3247 comenda.-
396 3198 483 3247 Labba
500 3199 605 3248 collect
617 3201 714 3250 concil.
726 3200 787 3250 edit.
799 3204 864 3250 Vsu.
876 3200 956 3252 colet.

19 3265 64 3314 itur.
73 3271 100 3328 X,
112 3274 158 3320 ool.
170 3275 225 3322 689.

66 3352 96 3404 su
111 3352 192 3401 auin.
204 3353 249 3402 lib.
261 3357 293 3401 X.
305 3354 403 3401 Hister.
416 3367 472 3414 cap.
483 3357 527 3414 IX,
539 3355 587 3404 snb
596 3357 641 3404 tin.

66 3427 98 3480 (it
112 3427 215 3486 Epistol.
227 3429 283 3480 iti).
293 3431 355 3478 tom,
367 3430 392 3479 t.
401 3441 461 3488 paz,
472 3429 531 3485 aba,
539 3429 579 3479 ed.
590 3433 673 3482 Maus.

69 3501 99 3560 (t)
115 3503 259 3554 theodoret.
270 3505 317 3554 lib.
329 3507 366 3555 IV
376 3506 473 3554 Hister.
486 3519 541 3568 asp·
554 3509 611 3558 VII.
