<?xml version="1.0" encoding="UTF-8"?>
<!DOCTYPE html PUBLIC "-//W3C//DTD XHTML 1.0 Transitional//EN"
    "http://www.w3.org/TR/xhtml1/DTD/xhtml1-transitional.dtd">
<html xmlns="http://www.w3.org/1999/xhtml" xml:lang="en" lang="en">
 <head>
  <title>
</title>
<meta http-equiv="Content-Type" content="text/html;charset=utf-8" />
  <meta name='ocr-system' content='tesseract 3.04.00' />
  <meta name='ocr-capabilities' content='ocr_page ocr_carea ocr_par ocr_line ocrx_word'/>
</head>
<body>
  <div class='ocr_page' id='page_1' title='image "./piivipontmaxact00piusgoog_0304.png"; bbox 0 0 2492 4202; ppageno 0'>
   <div class='ocr_carea' id='block_1_1' title="bbox 242 379 824 580">
    <p class='ocr_par' dir='ltr' id='par_1_1' title="bbox 242 379 824 580">
     <span class='ocr_line' id='line_1_1' title="bbox 470 379 574 439; baseline 0.01 -1"><span class='ocrx_word' id='word_1_1' title='bbox 470 379 574 439; x_wconf 79' lang='lat' dir='ltr'><strong>m.</strong></span> 
     </span>
     <span class='ocr_line' id='line_1_2' title="bbox 242 520 824 580; baseline 0.005 -16"><span class='ocrx_word' id='word_1_2' title='bbox 242 521 403 564; x_wconf 70' lang='lat' dir='ltr'>GARISSIMO</span> <span class='ocrx_word' id='word_1_3' title='bbox 418 520 452 562; x_wconf 82' lang='lat' dir='ltr'><strong>IN</strong></span> <span class='ocrx_word' id='word_1_4' title='bbox 461 521 595 580; x_wconf 34' lang='lat' dir='ltr'><strong>,onmsro</strong></span> <span class='ocrx_word' id='word_1_5' title='bbox 610 521 691 564; x_wconf 76' lang='lat' dir='ltr'><strong>rimo</strong></span> <span class='ocrx_word' id='word_1_6' title='bbox 703 520 824 567; x_wconf 70' lang='lat' dir='ltr'><strong>NOSTRO</strong></span> 
     </span>
    </p>
   </div>
   <div class='ocr_carea' id='block_1_2' title="bbox 361 729 702 792">
    <p class='ocr_par' dir='ltr' id='par_1_2' title="bbox 361 729 702 792">
     <span class='ocr_line' id='line_1_3' title="bbox 361 729 702 792; baseline 0 -4"><span class='ocrx_word' id='word_1_7' title='bbox 361 729 702 792; x_wconf 83' lang='lat' dir='ltr'>LUDOVIOO</span> 
     </span>
    </p>
   </div>
   <div class='ocr_carea' id='block_1_3' title="bbox 225 929 834 1010">
    <p class='ocr_par' dir='ltr' id='par_1_3' title="bbox 225 929 834 1010">
     <span class='ocr_line' id='line_1_4' title="bbox 225 929 834 1010; baseline 0.01 -22"><span class='ocrx_word' id='word_1_8' title='bbox 225 931 428 996; x_wconf 72' lang='lat' dir='ltr'><strong><em>Francorum</em></strong></span> <span class='ocrx_word' id='word_1_9' title='bbox 449 933 533 1010; x_wconf 71' lang='lat' dir='ltr'><strong>Reqi</strong></span> <span class='ocrx_word' id='word_1_10' title='bbox 555 929 834 996; x_wconf 63' lang='lat' dir='ltr'><strong>christianismo</strong></span> 
     </span>
    </p>
   </div>
   <div class='ocr_carea' id='block_1_4' title="bbox 257 1127 801 1223">
    <p class='ocr_par' dir='ltr' id='par_1_4' title="bbox 257 1075 801 1223">
     <span class='ocr_line' id='line_1_5' title="bbox 257 1127 801 1223; baseline 0.031 -15"><span class='ocrx_word' id='word_1_11' title='bbox 257 1127 432 1216; x_wconf 80' lang='lat' dir='ltr'><strong>rius</strong></span> <span class='ocrx_word' id='word_1_12' title='bbox 490 1131 682 1220; x_wconf 71' lang='lat' dir='ltr'><strong>rurs.</strong></span> <span class='ocrx_word' id='word_1_13' title='bbox 735 1131 801 1223; x_wconf 73' lang='lat' dir='ltr'><strong>VI.</strong></span> 
     </span>
    </p>
   </div>
   <div class='ocr_carea' id='block_1_5' title="bbox 137 1384 925 1550">
    <p class='ocr_par' dir='ltr' id='par_1_5' title="bbox 137 1384 925 1550">
     <span class='ocr_line' id='line_1_6' title="bbox 137 1384 925 1458; baseline 0.001 -13"><span class='ocrx_word' id='word_1_14' title='bbox 137 1384 326 1458; x_wconf 74' lang='lat' dir='ltr'><strong>carissime</strong></span> <span class='ocrx_word' id='word_1_15' title='bbox 338 1385 377 1442; x_wconf 85' lang='lat' dir='ltr'><strong>in</strong></span> <span class='ocrx_word' id='word_1_16' title='bbox 392 1384 528 1445; x_wconf 76' lang='lat' dir='ltr'><strong>christo</strong></span> <span class='ocrx_word' id='word_1_17' title='bbox 542 1385 614 1444; x_wconf 78' lang='lat' dir='ltr'><strong>riu</strong></span> <span class='ocrx_word' id='word_1_18' title='bbox 625 1387 764 1456; x_wconf 80' lang='lat' dir='ltr'><strong>Noster,</strong></span> <span class='ocrx_word' id='word_1_19' title='bbox 775 1387 925 1454; x_wconf 77' lang='lat' dir='ltr'><strong>Salutem</strong></span> 
     </span>
     <span class='ocr_line' id='line_1_7' title="bbox 230 1477 831 1550; baseline -0.002 -14"><span class='ocrx_word' id='word_1_20' title='bbox 230 1481 266 1536; x_wconf 86' lang='lat' dir='ltr'><strong>et</strong></span> <span class='ocrx_word' id='word_1_21' title='bbox 285 1478 522 1550; x_wconf 80' lang='lat' dir='ltr'><strong>Apostoliosm</strong></span> <span class='ocrx_word' id='word_1_22' title='bbox 536 1477 831 1546; x_wconf 74' lang='lat' dir='ltr'><strong>Benedictionem.</strong></span> 
     </span>
    </p>
   </div>
   <div class='ocr_carea' id='block_1_6' title="bbox 51 1703 1085 2720">
    <p class='ocr_par' dir='ltr' id='par_1_6' title="bbox 51 1703 1085 2720">
     <span class='ocr_line' id='line_1_8' title="bbox 109 1703 1085 1780; baseline -0.006 -12"><span class='ocrx_word' id='word_1_23' title='bbox 109 1709 189 1768; x_wconf 91' lang='lat' dir='ltr'><strong>Post</strong></span> <span class='ocrx_word' id='word_1_24' title='bbox 209 1707 343 1768; x_wconf 82' lang='lat' dir='ltr'><strong>Nostros</strong></span> <span class='ocrx_word' id='word_1_25' title='bbox 364 1703 402 1764; x_wconf 86' lang='lat' dir='ltr'><strong>ed</strong></span> <span class='ocrx_word' id='word_1_26' title='bbox 433 1703 552 1780; x_wconf 81' lang='lat' dir='ltr'><strong>regium</strong></span> <span class='ocrx_word' id='word_1_27' title='bbox 574 1703 772 1763; x_wconf 76' lang='lat' dir='ltr'><strong>maiestatem</strong></span> <span class='ocrx_word' id='word_1_28' title='bbox 802 1705 889 1766; x_wconf 79' lang='lat' dir='ltr'><strong>tuam</strong></span> <span class='ocrx_word' id='word_1_29' title='bbox 910 1705 1015 1766; x_wconf 81' lang='lat' dir='ltr'><strong>Litte-</strong></span> <span class='ocrx_word' id='word_1_30' title='bbox 1083 1766 1085 1770; x_wconf 67' lang='grc'><em>,</em></span> 
     </span>
     <span class='ocr_line' id='line_1_9' title="bbox 51 1796 1013 1878; baseline -0.001 -17"><span class='ocrx_word' id='word_1_31' title='bbox 51 1820 101 1861; x_wconf 86' lang='lat' dir='ltr'><strong>res</strong></span> <span class='ocrx_word' id='word_1_32' title='bbox 122 1801 173 1878; x_wconf 79' lang='lat' dir='ltr'><strong>die</strong></span> <span class='ocrx_word' id='word_1_33' title='bbox 199 1801 236 1859; x_wconf 87' lang='lat'><strong>13</strong></span> <span class='ocrx_word' id='word_1_34' title='bbox 260 1797 380 1875; x_wconf 72' lang='lat' dir='ltr'><strong>Aprilis</strong></span> <span class='ocrx_word' id='word_1_35' title='bbox 396 1797 469 1857; x_wconf 83' lang='lat' dir='ltr'><strong>anni</strong></span> <span class='ocrx_word' id='word_1_36' title='bbox 490 1796 631 1873; x_wconf 84' lang='lat' dir='ltr'><strong>proxime</strong></span> <span class='ocrx_word' id='word_1_37' title='bbox 644 1797 811 1874; x_wconf 79' lang='lat' dir='ltr'><strong>praeteriti</strong></span> <span class='ocrx_word' id='word_1_38' title='bbox 826 1798 927 1870; x_wconf 78' lang='lat' dir='ltr'><strong>datas,</strong></span> <span class='ocrx_word' id='word_1_39' title='bbox 944 1816 1013 1860; x_wconf 88' lang='lat' dir='ltr'><strong>oum</strong></span> 
     </span>
     <span class='ocr_line' id='line_1_10' title="bbox 52 1890 1070 1953; baseline -0.003 0"><span class='ocrx_word' id='word_1_40' title='bbox 52 1913 132 1953; x_wconf 88' lang='lat' dir='ltr'><strong>nuno</strong></span> <span class='ocrx_word' id='word_1_41' title='bbox 154 1911 235 1952; x_wconf 85' lang='lat' dir='ltr'><strong>nova</strong></span> <span class='ocrx_word' id='word_1_42' title='bbox 257 1890 508 1952; x_wconf 76' lang='lat' dir='ltr'><strong>transmittamus</strong></span> <span class='ocrx_word' id='word_1_43' title='bbox 529 1890 567 1951; x_wconf 87' lang='lat' dir='ltr'><strong>ad</strong></span> <span class='ocrx_word' id='word_1_44' title='bbox 589 1891 793 1952; x_wconf 78' lang='lat' dir='ltr'><strong>venerabiles</strong></span> <span class='ocrx_word' id='word_1_45' title='bbox 806 1891 939 1951; x_wconf 82' lang='lat' dir='ltr'><strong>Fratres</strong></span> <span class='ocrx_word' id='word_1_46' title='bbox 961 1909 1011 1951; x_wconf 83' lang='lat' dir='ltr'><strong>or·</strong></span> <span class='ocrx_word' id='word_1_47' title='bbox 1067 1893 1070 1901; x_wconf 86' lang='lat'>&#39;</span> 
     </span>
     <span class='ocr_line' id='line_1_11' title="bbox 51 1982 1013 2064; baseline -0.003 -18"><span class='ocrx_word' id='word_1_48' title='bbox 51 1986 262 2064; x_wconf 83' lang='lat' dir='ltr'><strong>ohiepisoopos</strong></span> <span class='ocrx_word' id='word_1_49' title='bbox 280 1983 414 2055; x_wconf 80' lang='lat' dir='ltr'><strong>Galliae,</strong></span> <span class='ocrx_word' id='word_1_50' title='bbox 429 1983 621 2060; x_wconf 81' lang='lat' dir='ltr'><strong>apostolieae</strong></span> <span class='ocrx_word' id='word_1_51' title='bbox 644 1982 868 2043; x_wconf 75' lang='lat' dir='ltr'><strong>sollicitudinis</strong></span> <span class='ocrx_word' id='word_1_52' title='bbox 888 1987 1013 2044; x_wconf 78' lang='lat' dir='ltr'><strong>nostroe</strong></span> 
     </span>
     <span class='ocr_line' id='line_1_12' title="bbox 53 2078 1014 2155; baseline -0.003 -15"><span class='ocrx_word' id='word_1_53' title='bbox 53 2081 227 2142; x_wconf 81' lang='lat' dir='ltr'><strong>necessaris</strong></span> <span class='ocrx_word' id='word_1_54' title='bbox 248 2079 320 2138; x_wconf 91' lang='lat' dir='ltr'><strong>huio</strong></span> <span class='ocrx_word' id='word_1_55' title='bbox 343 2078 477 2154; x_wconf 80' lang='lat' dir='ltr'><strong>tempori</strong></span> <span class='ocrx_word' id='word_1_56' title='bbox 499 2082 712 2149; x_wconf 82' lang='lat' dir='ltr'><strong>monumenta,</strong></span> <span class='ocrx_word' id='word_1_57' title='bbox 729 2078 835 2137; x_wconf 81' lang='lat' dir='ltr'><strong>eudem</strong></span> <span class='ocrx_word' id='word_1_58' title='bbox 856 2079 894 2136; x_wconf 85' lang='lat' dir='ltr'><strong>ad</strong></span> <span class='ocrx_word' id='word_1_59' title='bbox 918 2083 948 2137; x_wconf 85' lang='lat' dir='ltr'><strong>te</strong></span> <span class='ocrx_word' id='word_1_60' title='bbox 962 2095 1014 2155; x_wconf 81' lang='lat' dir='ltr'><strong>ps·</strong></span> 
     </span>
     <span class='ocr_line' id='line_1_13' title="bbox 53 2168 1011 2248; baseline -0.007 -13"><span class='ocrx_word' id='word_1_61' title='bbox 53 2175 132 2235; x_wconf 88' lang='lat' dir='ltr'><strong>riter</strong></span> <span class='ocrx_word' id='word_1_62' title='bbox 147 2170 314 2248; x_wconf 81' lang='lat' dir='ltr'><strong>dirigimus</strong></span> <span class='ocrx_word' id='word_1_63' title='bbox 329 2185 480 2230; x_wconf 86' lang='lat' dir='ltr'><strong>memores</strong></span> <span class='ocrx_word' id='word_1_64' title='bbox 493 2168 583 2228; x_wconf 89' lang='lat' dir='ltr'><strong>offioii</strong></span> <span class='ocrx_word' id='word_1_65' title='bbox 597 2169 721 2242; x_wconf 83' lang='lat' dir='ltr'><strong>Nostri,</strong></span> <span class='ocrx_word' id='word_1_66' title='bbox 735 2187 854 2246; x_wconf 80' lang='lat' dir='ltr'><strong>unoque</strong></span> <span class='ocrx_word' id='word_1_67' title='bbox 868 2173 900 2229; x_wconf 85' lang='lat' dir='ltr'><strong>te</strong></span> <span class='ocrx_word' id='word_1_68' title='bbox 914 2169 1011 2228; x_wconf 85' lang='lat' dir='ltr'><strong>etium</strong></span> 
     </span>
     <span class='ocr_line' id='line_1_14' title="bbox 53 2262 1015 2345; baseline -0.008 -16"><span class='ocrx_word' id='word_1_69' title='bbox 53 2273 145 2345; x_wconf 83' lang='lat' dir='ltr'><strong>atque</strong></span> <span class='ocrx_word' id='word_1_70' title='bbox 167 2265 264 2325; x_wconf 83' lang='lat' dir='ltr'><strong>etiam</strong></span> <span class='ocrx_word' id='word_1_71' title='bbox 279 2279 437 2340; x_wconf 82' lang='lat' dir='ltr'><strong>rogamus,</strong></span> <span class='ocrx_word' id='word_1_72' title='bbox 455 2265 491 2322; x_wconf 86' lang='lat' dir='ltr'><strong>ut</strong></span> <span class='ocrx_word' id='word_1_73' title='bbox 512 2265 598 2321; x_wconf 80' lang='lat' dir='ltr'><strong>tuam</strong></span> <span class='ocrx_word' id='word_1_74' title='bbox 614 2262 782 2338; x_wconf 80' lang='lat' dir='ltr'><strong>coniungas</strong></span> <span class='ocrx_word' id='word_1_75' title='bbox 797 2279 922 2338; x_wconf 88' lang='lat' dir='ltr'><strong>operam</strong></span> <span class='ocrx_word' id='word_1_76' title='bbox 944 2281 1015 2339; x_wconf 84' lang='lat' dir='ltr'><strong>opo·</strong></span> 
     </span>
     <span class='ocr_line' id='line_1_15' title="bbox 51 2352 1016 2435; baseline -0.006 -13"><span class='ocrx_word' id='word_1_77' title='bbox 51 2361 173 2424; x_wconf 84' lang='lat' dir='ltr'><strong>stoliois</strong></span> <span class='ocrx_word' id='word_1_78' title='bbox 195 2357 280 2420; x_wconf 82' lang='lat' dir='ltr'><strong>ruris</strong></span> <span class='ocrx_word' id='word_1_79' title='bbox 300 2356 419 2416; x_wconf 84' lang='lat' dir='ltr'><strong>nostris</strong></span> <span class='ocrx_word' id='word_1_80' title='bbox 441 2356 477 2416; x_wconf 86' lang='lat' dir='ltr'><strong>ad</strong></span> <span class='ocrx_word' id='word_1_81' title='bbox 500 2354 770 2415; x_wconf 78' lang='lat' dir='ltr'><strong>conservationem</strong></span> <span class='ocrx_word' id='word_1_82' title='bbox 785 2357 952 2435; x_wconf 80' lang='lat' dir='ltr'><strong>religionis</strong></span> <span class='ocrx_word' id='word_1_83' title='bbox 967 2352 1016 2416; x_wconf 80' lang='lat' dir='ltr'><strong>oe-</strong></span> 
     </span>
     <span class='ocr_line' id='line_1_16' title="bbox 53 2447 1014 2528; baseline -0.007 -11"><span class='ocrx_word' id='word_1_84' title='bbox 53 2456 210 2526; x_wconf 83' lang='lat' dir='ltr'><strong>tholioae,</strong></span> <span class='ocrx_word' id='word_1_85' title='bbox 227 2452 259 2510; x_wconf 93' lang='lat' dir='ltr'><strong>in</strong></span> <span class='ocrx_word' id='word_1_86' title='bbox 282 2469 342 2528; x_wconf 87' lang='lat' dir='ltr'><strong>quu</strong></span> <span class='ocrx_word' id='word_1_87' title='bbox 363 2450 458 2510; x_wconf 84' lang='lat' dir='ltr'><strong>etium</strong></span> <span class='ocrx_word' id='word_1_88' title='bbox 473 2449 645 2508; x_wconf 81' lang='lat' dir='ltr'><strong>maximum</strong></span> <span class='ocrx_word' id='word_1_89' title='bbox 665 2447 828 2509; x_wconf 79' lang='lat' dir='ltr'><strong>felicitatis</strong></span> <span class='ocrx_word' id='word_1_90' title='bbox 846 2467 1014 2527; x_wconf 83' lang='lat' dir='ltr'><strong>regnorum</strong></span> 
     </span>
     <span class='ocr_line' id='line_1_17' title="bbox 54 2541 1015 2610; baseline -0.005 -3"><span class='ocrx_word' id='word_1_91' title='bbox 54 2547 289 2610; x_wconf 83' lang='lat' dir='ltr'><strong>fundamentum</strong></span> <span class='ocrx_word' id='word_1_92' title='bbox 311 2547 359 2604; x_wconf 87' lang='lat' dir='ltr'><strong>est</strong></span> <span class='ocrx_word' id='word_1_93' title='bbox 374 2543 595 2604; x_wconf 83' lang='lat' dir='ltr'><strong>constitutum.</strong></span> <span class='ocrx_word' id='word_1_94' title='bbox 612 2542 678 2603; x_wconf 89' lang='lat' dir='ltr'><strong>Nos</strong></span> <span class='ocrx_word' id='word_1_95' title='bbox 692 2541 819 2602; x_wconf 91' lang='lat' dir='ltr'><strong>interim</strong></span> <span class='ocrx_word' id='word_1_96' title='bbox 837 2541 890 2602; x_wconf 92' lang='lat' dir='ltr'><strong>diu</strong></span> <span class='ocrx_word' id='word_1_97' title='bbox 907 2547 1015 2602; x_wconf 90' lang='lat' dir='ltr'><strong>nootu-</strong></span> 
     </span>
     <span class='ocr_line' id='line_1_18' title="bbox 53 2637 1014 2720; baseline -0.008 -18"><span class='ocrx_word' id='word_1_98' title='bbox 53 2661 108 2720; x_wconf 89' lang='lat' dir='ltr'><strong>que</strong></span> <span class='ocrx_word' id='word_1_99' title='bbox 132 2658 194 2699; x_wconf 91' lang='lat' dir='ltr'><strong>non</strong></span> <span class='ocrx_word' id='word_1_100' title='bbox 215 2637 458 2698; x_wconf 84' lang='lat' dir='ltr'><strong>intermittimus</strong></span> <span class='ocrx_word' id='word_1_101' title='bbox 480 2638 517 2696; x_wconf 83' lang='lat' dir='ltr'><strong>ed</strong></span> <span class='ocrx_word' id='word_1_102' title='bbox 540 2638 637 2696; x_wconf 88' lang='lat' dir='ltr'><strong>Deum</strong></span> <span class='ocrx_word' id='word_1_103' title='bbox 670 2652 779 2710; x_wconf 80' lang='lat' dir='ltr'><strong>preces</strong></span> <span class='ocrx_word' id='word_1_104' title='bbox 802 2641 925 2695; x_wconf 81' lang='lat' dir='ltr'><strong>nostres</strong></span> <span class='ocrx_word' id='word_1_105' title='bbox 947 2637 1014 2695; x_wconf 89' lang='lat' dir='ltr'><strong>l&#39;un-</strong></span> 
     </span>
    </p>
   </div>
   <div class='ocr_carea' id='block_1_7' title="bbox 54 2727 1129 2810">
    <p class='ocr_par' dir='ltr' id='par_1_7' title="bbox 54 2727 1129 2810">
     <span class='ocr_line' id='line_1_19' title="bbox 54 2727 1129 2810; baseline -0.015 -16"><span class='ocrx_word' id='word_1_106' title='bbox 54 2736 124 2794; x_wconf 86' lang='lat' dir='ltr'><strong>dere</strong></span> <span class='ocrx_word' id='word_1_107' title='bbox 148 2751 205 2810; x_wconf 89' lang='lat' dir='ltr'><strong>pro</strong></span> <span class='ocrx_word' id='word_1_108' title='bbox 225 2731 391 2790; x_wconf 80' lang='lat' dir='ltr'><strong>maiestate</strong></span> <span class='ocrx_word' id='word_1_109' title='bbox 413 2731 493 2803; x_wconf 85' lang='lat' dir='ltr'><strong>Tua,</strong></span> <span class='ocrx_word' id='word_1_110' title='bbox 509 2729 547 2788; x_wconf 94' lang='lat' dir='ltr'><strong>ob</strong></span> <span class='ocrx_word' id='word_1_111' title='bbox 568 2727 655 2789; x_wconf 86' lang='lat' dir='ltr'><strong>ouius</strong></span> <span class='ocrx_word' id='word_1_112' title='bbox 676 2730 794 2787; x_wconf 83' lang='lat' dir='ltr'><strong>statum</strong></span> <span class='ocrx_word' id='word_1_113' title='bbox 821 2745 940 2787; x_wconf 85' lang='lat' dir='ltr'><strong>summo</strong></span> <span class='ocrx_word' id='word_1_114' title='bbox 963 2729 1016 2787; x_wconf 90' lang='lat' dir='ltr'><strong>do·</strong></span> <span class='ocrx_word' id='word_1_115' title='bbox 1128 2773 1129 2778; x_wconf 73' lang='grc'>,</span> 
     </span>
    </p>
   </div>
   <div class='ocr_carea' id='block_1_8' title="bbox 53 2811 1094 3351">
    <p class='ocr_par' dir='ltr' id='par_1_8' title="bbox 53 2811 1094 3180">
     <span class='ocr_line' id='line_1_20' title="bbox 53 2811 1010 2899; baseline -0.005 -14"><span class='ocrx_word' id='word_1_116' title='bbox 53 2827 118 2888; x_wconf 88' lang='lat' dir='ltr'><strong>lore</strong></span> <span class='ocrx_word' id='word_1_117' title='bbox 132 2824 298 2896; x_wconf 84' lang='lat' dir='ltr'><strong>affioimur‚</strong></span> <span class='ocrx_word' id='word_1_118' title='bbox 314 2822 445 2899; x_wconf 85' lang='lat' dir='ltr'><strong>tibique,</strong></span> <span class='ocrx_word' id='word_1_119' title='bbox 457 2822 617 2883; x_wconf 81' lang='lat' dir='ltr'><strong>uerissime</strong></span> <span class='ocrx_word' id='word_1_120' title='bbox 631 2821 664 2880; x_wconf 94' lang='lat' dir='ltr'><strong>iu</strong></span> <span class='ocrx_word' id='word_1_121' title='bbox 679 2811 805 2882; x_wconf 84' lang='lat' dir='ltr'><strong>Christo</strong></span> <span class='ocrx_word' id='word_1_122' title='bbox 821 2819 867 2878; x_wconf 92' lang='lat' dir='ltr'><strong>fili</strong></span> <span class='ocrx_word' id='word_1_123' title='bbox 882 2822 1010 2892; x_wconf 83' lang='lat' dir='ltr'><strong>Noster,</strong></span> 
     </span>
     <span class='ocr_line' id='line_1_21' title="bbox 53 2901 1016 2994; baseline -0.004 -16"><span class='ocrx_word' id='word_1_124' title='bbox 53 2901 1016 2994; x_wconf 73' lang='lat' dir='ltr'><strong>christianissimaeReginae,Delphino,universaequeregiae</strong></span> 
     </span>
     <span class='ocr_line' id='line_1_22' title="bbox 55 3005 1094 3087; baseline -0.004 -18"><span class='ocrx_word' id='word_1_125' title='bbox 55 3010 191 3072; x_wconf 82' lang='lat' dir='ltr'><strong>familiae</strong></span> <span class='ocrx_word' id='word_1_126' title='bbox 205 3010 406 3087; x_wconf 83' lang='lat' dir='ltr'><strong>apostolicam</strong></span> <span class='ocrx_word' id='word_1_127' title='bbox 427 3009 679 3070; x_wconf 80' lang='lat' dir='ltr'><strong>Benedictionem</strong></span> <span class='ocrx_word' id='word_1_128' title='bbox 694 3025 733 3066; x_wconf 81' lang='lat' dir='ltr'><strong>ex</strong></span> <span class='ocrx_word' id='word_1_129' title='bbox 755 3005 865 3066; x_wconf 90' lang='lat' dir='ltr'><strong>intimo</strong></span> <span class='ocrx_word' id='word_1_130' title='bbox 881 3010 1011 3082; x_wconf 80' lang='lat' dir='ltr'><strong>paterno</strong></span> <span class='ocrx_word' id='word_1_131' title='bbox 1092 3053 1094 3058; x_wconf 68' lang='lat'>,</span> 
     </span>
     <span class='ocr_line' id='line_1_23' title="bbox 54 3100 846 3180; baseline -0.003 -18"><span class='ocrx_word' id='word_1_132' title='bbox 54 3106 145 3164; x_wconf 85' lang='lat' dir='ltr'><strong>eorde</strong></span> <span class='ocrx_word' id='word_1_133' title='bbox 166 3105 380 3180; x_wconf 86' lang='lat' dir='ltr'><strong>depromptam</strong></span> <span class='ocrx_word' id='word_1_134' title='bbox 400 3102 612 3163; x_wconf 82' lang='lat' dir='ltr'><strong>amantissime</strong></span> <span class='ocrx_word' id='word_1_135' title='bbox 635 3100 846 3179; x_wconf 82' lang='lat' dir='ltr'><strong>impertimur.</strong></span> 
     </span>
    </p>

    <p class='ocr_par' dir='ltr' id='par_1_9' title="bbox 58 3192 1085 3351">
     <span class='ocr_line' id='line_1_24' title="bbox 110 3192 1085 3267; baseline -0.008 -9"><span class='ocrx_word' id='word_1_136' title='bbox 110 3201 226 3258; x_wconf 90' lang='lat' dir='ltr'><strong>Datum</strong></span> <span class='ocrx_word' id='word_1_137' title='bbox 248 3199 363 3257; x_wconf 84' lang='lat' dir='ltr'><strong>Romae</strong></span> <span class='ocrx_word' id='word_1_138' title='bbox 379 3195 429 3255; x_wconf 90' lang='lat' dir='ltr'><strong>die</strong></span> <span class='ocrx_word' id='word_1_139' title='bbox 451 3197 527 3256; x_wconf 86' lang='lat' dir='ltr'><strong>XXI</strong></span> <span class='ocrx_word' id='word_1_140' title='bbox 546 3194 656 3254; x_wconf 86' lang='lat' dir='ltr'><strong>Martii</strong></span> <span class='ocrx_word' id='word_1_141' title='bbox 676 3193 881 3267; x_wconf 80' lang='lat' dir='ltr'>MDGGXOIL</span> <span class='ocrx_word' id='word_1_142' title='bbox 901 3192 1014 3253; x_wconf 88' lang='lat' dir='ltr'><strong>Ponti·</strong></span> <span class='ocrx_word' id='word_1_143' title='bbox 1083 3259 1085 3262; x_wconf 18' lang='lat'>¹</span> 
     </span>
     <span class='ocr_line' id='line_1_25' title="bbox 58 3286 812 3351; baseline -0.004 -5"><span class='ocrx_word' id='word_1_144' title='bbox 58 3286 165 3350; x_wconf 84' lang='lat' dir='ltr'><strong>fioutus</strong></span> <span class='ocrx_word' id='word_1_145' title='bbox 185 3289 295 3351; x_wconf 83' lang='lat' dir='ltr'><strong>Nostri</strong></span> <span class='ocrx_word' id='word_1_146' title='bbox 317 3307 398 3350; x_wconf 85' lang='lat' dir='ltr'><strong>anuo</strong></span> <span class='ocrx_word' id='word_1_147' title='bbox 420 3288 538 3348; x_wconf 85' lang='lat' dir='ltr'><strong>XVllI.</strong></span> <span class='ocrx_word' id='word_1_148' title='bbox 810 3329 812 3332; x_wconf 86' lang='grc'>-</span> 
     </span>
    </p>
   </div>
   <div class='ocr_carea' id='block_1_9' title="bbox 0 0 1256 4202">
    <p class='ocr_par' dir='ltr' id='par_1_10' title="bbox 0 0 1256 4202">
     <span class='ocr_line' id='line_1_26' title="bbox 0 0 1256 4202; baseline 0 0"><span class='ocrx_word' id='word_1_149' title='bbox 0 0 1256 4202; x_wconf 95' lang='lat' dir='ltr'><strong> </strong></span> 
     </span>
    </p>
   </div>
  </div>
 </body>
</html>
