2364 4198
631 173 809 235 ..224-

239 282 295 356 tia,
316 299 382 341 rem
405 299 527 340 omnem
548 281 655 344 sedulo
677 288 883 358 accurateque
905 282 1064 355 definiret,
1082 288 1111 346 et
1126 275 1169 364 opi

238 375 428 455 portuniori,
450 393 512 453 qua
532 375 603 436 fieri
623 377 746 436 ratione
768 383 883 452 posset,
900 377 1048 454 expositis
1065 378 1169 442 illarnnl

238 469 451 532 Ecclesiarum
473 468 712 528 necessitatibus
733 469 927 546 provideret

298 563 460 640 Reicitur
474 562 715 637 diligentissime
727 562 917 636 examinata,
930 582 1001 624 cnm
1016 531 1169 629 unainisset

238 657 375 716 omnium
397 656 611 716 Cardinalium
633 673 761 715 concors
783 657 951 730 sententia,
966 659 1094 720 Romani
1111 661 1168 718 Pon·

239 750 334 811 tificis
355 768 420 810 esse
441 751 611 812 earundem
625 749 836 811 Ecclesiarum
858 750 1059 813 incommodis
1079 753 1168 830 prospi-

240 867 323 923 cere,
339 848 531 910 necessarias
544 852 578 907 et
592 850 783 926 opportunas
799 849 967 911 facultates
988 851 1030 911 iis
1044 845 1170 927 elargienl'

239 945 300 1015 do,
322 943 376 1020 qni
397 943 428 1001 in
451 940 582 1019 Domino
603 940 703 1019 magis
723 941 827 1002 idonei
850 947 1097 1020 reputarentur,
1114 947 1145 1003 Sa

236 1037 333 1098 ctitus
347 1036 411 1097 Sua
430 1035 598 1095 eorundem
613 1035 828 1096 cardinalium
843 1039 953 1097 votum
977 1039 1125 1114 probavit,
1136 963 1171 1244 ἢ

238 1147 298 1205 qne
319 1129 449 1202 idcirco,
465 1127 591 1204 nequid
613 1127 799 1189 detrimenti
813 1134 939 1206 caperet
960 1131 1049 1191 salus
1069 1135 1166 1191 acum

237 1222 389 1294 fidelium,
412 1221 445 1280 in
467 1209 688 1298 praecentibus
710 1221 902 1282 difficillimis
923 1224 1114 1285 Gallicarum
1128 1225 1171 1294 loq

238 1315 405 1376 clesiarnm
427 1315 689 1387 circumstantiis,
706 1315 929 1391 providendum
952 1336 971 1378 a
993 1335 1028 1377 ae
1042 1335 1106 1377 esse
1121 1331 1158 1374 er·

238 1409 304 1471 anit
323 1407 481 1470 enarratis
508 1409 720 1470 Ecclesiarum
741 1409 956 1483 incommodis,
979 1407 1157 1489 opportuniori

237 1521 299 1580 qua
325 1503 395 1562 fieri
423 1502 546 1563 ratione
568 1507 688 1579 posset,
711 1505 825 1581 absque
846 1505 1042 1581 praeiudicio
1063 1505 1162 1572 inrim,

238 1597 266 1658 ai
286 1615 365 1674 qnae
386 1599 471 1669 sunt,
484 1597 733 1674 respectivarum
754 1598 975 1675 episcopalium
999 1600 1123 1660 sedium.

296 1692 445 1760 Quamvis
459 1696 564 1752 autem
579 1692 748 1769 multiplex
770 1693 942 1755 Sanctitati
957 1695 1044 1754 Suae
1058 1707 1166 1754 occurre·

237 1788 289 1849 ret
301 1786 480 1846 consulendi
495 1786 590 1859 ratio,
603 1786 776 1864 singularia
789 1787 993 1848 nibilominus
1005 1789 1166 1866 perpendens

236 1880 352 1941 merita
373 1880 607 1940 Gallicanorum
626 1880 817 1958 praesulum,
833 1881 885 1958 qni
907 1882 944 1941 ad
961 1881 1120 1960 religionis
1134 1883 1171 1939 do-

236 1992 291 2035 cus
312 1975 481 2045 tuendum,
503 1973 630 2033 civilem
658 1974 737 2034 cleri
758 1975 1019 2036 constitutionem
1045 1976 1167 2054 improba·

236 2071 323 2142 runt,
339 2086 400 2128 non
422 2067 573 2145 privatim
595 2069 700 2142 modo,
716 2071 769 2128 sed
784 2069 924 2147 vulgatis
938 2071 1041 2132 etiam
1061 2067 1165 2148 egregiis

236 2160 457 2235 monumentis,
480 2160 583 2238 dignis
602 2179 688 2235 sane,
702 2180 781 2238 quaa
795 2165 926 2223 aeterna
946 2165 1165 2225 memoriareo

235 2256 356 2328 lentur,
379 2247 495 2313 merita
508 2257 672 2330 practerea
692 2255 885 2331 perpendens
898 2274 1009 2316 eornm
1025 2259 1108 2318 inter
1119 2255 1172 2314 ud*

236 2350 354 2410 licanos
372 2349 541 2426 praesules,
557 2347 610 2424 qni
632 2351 835 2425 quaerentes,
852 2366 911 2408 non
932 2369 1013 2428 qnae
1035 2370 1091 2412 sna
1109 2351 1157 2420 snt,

236 2444 289 2504 aad
311 2461 388 2520 quae
410 2445 484 2502 sunt
498 2444 566 2502 lesu
587 2442 718 2515 christi,
736 2442 946 2504 nationalibus
966 2445 1115 2516 comitiis,
1127 2447 1174 2512 nul

236 2536 303 2598 aine
318 2536 410 2614 gravi
431 2530 632 2608 discrimine,
649 2553 743 2612 usqne
765 2538 804 2597 ad
822 2536 943 2596 exitum
965 2537 1116 2599 interesse
1132 2535 1174 2616 ro}

234 2631 377 2704 luerunt3
393 2632 515 2690 demum
534 2631 687 2690 rationem
707 2628 822 2688 babens
842 2628 1043 2704 meritorum,
1058 2648 1127 2707 quae
1141 2617 1174 2708 di

235 2724 267 2786 bi
294 2727 516 2803 compararunt
547 2722 703 2784 Gallicani
731 2723 909 2799 praesules,
933 2724 1007 2783 dum
1037 2711 1174 2801 promptui

234 2821 422 2896 paratosque
444 2835 476 2876 ae
495 2816 707 2876 exbibuerunt
727 2816 855 2875 Summo
869 2815 1019 2875 Pontifici
1041 2813 1174 2880 Ecclesnu

234 2927 307 2972 suas
338 2910 523 2984 dimittere,
544 2909 572 2968 si
600 2908 631 2968 id
658 2906 823 2985 religionis
851 2909 965 2968 bonum
994 2909 1174 2985 postularem

234 3003 438 3083 Lugdunensi
463 3002 716 3081 archiepiscopo,
738 3001 970 3078 archiepiscopo
996 2997 1174 3076 Parisiensi,4

234 3098 464 3176 archiepiscopo
494 3094 686 3170 Viennensi,
714 3097 748 3156 et
780 3094 1012 3172 antiquioribus
1046 3094 1174 3167 cuiusque

234 3191 414 3269 provinciae
428 3190 518 3268 regni
540 3190 715 3251 Galliarum
730 3187 879 3266 episcopis
900 3188 1065 3266 delegavit
1085 3187 1165 3248 adan·

234 3303 321 3358 num,
337 3286 376 3346 ab
396 3287 453 3344 bac
475 3285 524 3344 die
545 3284 768 3362 incipientem,
784 3283 971 3356 facultates,
992 3300 1073 3360 quae
1092 3275 1174 3360 ins-t

234 3380 401 3458 qnantibus
422 3378 612 3440 Sanctitatis
630 3381 712 3439 Suae
732 3377 868 3439 decretis
889 3377 1100 3437 continentur.
1171 3379 1174 3446 1

292 3474 400 3534 Primo
413 3473 515 3550 igitur
525 3471 684 3534 Sanctitas
698 3472 761 3534 Sua
774 3473 938 3547 concessit,
952 3475 986 3532 et
999 3457 1174 3534 concediiti
