2498 4200
410 265 590 323 -241-

26 374 127 436 iunxit
147 374 184 432 ad
206 371 353 432 Ecclesia
376 371 555 447 dignitates.
582 369 646 430 Vix
668 371 751 430 enim
773 371 838 448 ipse
862 371 982 432 accitus

26 468 82 528 luit
102 485 120 526 a
141 469 227 542 Rege
248 467 286 525 ad
318 465 461 542 primarii
488 463 627 524 ministri
655 482 768 524 munus
788 465 982 540 obeundum,

26 563 95 622 licet
109 580 128 621 a
140 560 238 622 Nobis
259 559 369 618 fuisset
383 558 580 630 admonitus,
597 561 632 616 ut
647 575 665 618 a
679 558 841 619 conatibus
855 561 986 621 hetero-

26 657 171 715 doxorum
191 656 320 713 caveret
334 653 391 730 (l),
407 651 526 712 factum
544 655 648 710 tamen
670 655 719 711 est
740 652 833 728 paulo
848 658 931 729 post,
946 657 982 714 ut

26 749 224 808 Noanctease
244 745 399 805 Edictum
419 745 457 804 de
472 745 673 805 heterodoxis
688 746 859 806 tolerandis
879 749 986 808 redin-

27 843 220 918 tegraretur3
235 839 377 897 Edictum
395 837 487 913 plane
501 837 691 909 exitiosum,
706 856 741 896 ac
756 840 925 915 pestilens,
941 859 981 901 ex

28 951 77 1009 qno
98 931 263 1008 praecipue
273 947 311 990 ea
324 931 436 989 damna
449 933 634 1001 manarunt,
649 949 727 1008 quae
743 950 824 990 nunc
839 932 984 1010 Religio-

30 1045 101 1098 nem,
116 1028 151 1085 et
167 1027 307 1100 Regnum
329 1024 523 1095 dilacerant,
538 1013 582 1083 ac'
596 1026 756 1097 evertunt,
775 1025 888 1086 morito
910 1043 984 1103 pro-

28 1125 125 1195 pterea
147 1135 203 1194 per
230 1117 430 1193 apostolIcam
451 1118 561 1176 Sedem
584 1136 603 1177 a
623 1135 679 1176 suo
702 1135 797 1194 usqne
817 1118 910 1179 initio
931 1138 984 1180 re·

30 1214 184 1288 probatum
205 1210 262 1286 (2),
285 1211 426 1286 quodque
451 1209 582 1285 proprio
608 1209 788 1269 testimonio
810 1209 984 1271 Menenius

29 1306 92 1381 ipse,
109 1307 143 1364 et
159 1303 324 1362 universus
338 1301 515 1361 Galliarum
529 1302 633 1360 clerus
646 1305 717 1361 erat
733 1304 910 1364 detestatus
925 1302 982 1384 (3).

28 1400 80 1458 Nos
99 1397 189 1458 illico
209 1395 479 1473 expostulationes
500 1413 537 1454 ea
552 1396 588 1456 dc
604 1413 639 1454 rc
652 1396 786 1456 Nostros
800 1397 984 1459 deferendas

31 1493 200 1554 curavimus
213 1507 269 1567 per
281 1507 352 1548 ven.
366 1489 497 1550 fratrem
511 1488 696 1548 Antonium
708 1490 983 1569 archiepiscopum

34 1586 230 1646 Rhodiensem
255 1583 400 1642 nuncium
416 1583 580 1653 Nostrum,
596 1581 739 1659 idemque
755 1587 985 1660 praestiterunt

34 1677 161 1756 religiosi
182 1695 239 1754 per
267 1675 387 1737 Gallias
415 1674 550 1752 episcopi
565 1673 622 1754 (4).
639 1677 697 1736 Sed
720 1680 753 1736 et
774 1679 928 1752 Nostrae,
950 1684 985 1739 et

33 1771 145 1831 illorum
168 1770 314 1848 querelae
335 1769 366 1826 in
389 1769 518 1829 irritum
540 1770 720 1830 ceciderunt
735 1769 792 1850 (5).

79 1868 250 1926 Praeterea
271 1863 352 1922 idem
374 1862 548 1922 aasentias
570 1865 691 1924 occulte
714 1864 797 1923 viam
819 1864 879 1923 sibi
902 1882 984 1925 com·

33 1959 157 2020 munivit
170 1959 208 2017 ad
223 1956 288 2018 alia
302 1958 491 2033 peragenda,
508 1973 586 2031 quae
599 1962 708 2033 postea
723 1959 863 2030 detecta,
879 1962 913 2017 et
925 1975 982 2031 eo,

34 2070 79 2127 qno
97 2055 164 2130 ipse
185 2051 358 2128 spectabat,
383 2051 552 2126 perducta,
576 2049 760 2110 immensum
782 2049 929 2128 religioni
950 2054 984 2112 et

36 2162 114 2223 regno
136 2146 363 2206 detrimentum
377 2143 568 2204 intulerunt.
586 2145 741 2221 Sperabat
761 2145 895 2206 fortasse
913 2163 984 2205 con-

36 2246 180 2302 uenturos
195 2240 266 2298 inde
281 2239 438 2297 hominum
459 2239 496 2296 de
511 2256 543 2298 se
558 2238 702 2314 plausus:
719 2242 754 2300 at
767 2239 876 2299 divino
891 2240 983 2317 plane

33 2336 149 2396 consilio
171 2334 353 2411 plerumque
368 2332 439 2391 fieri
453 2332 552 2405 solet,
569 2337 605 2392 ut
620 2351 718 2392 vanae
733 2352 768 2393 ac
783 2333 913 2394 fallaces
928 2353 986 2412 po·

32 2432 123 2492 litices
137 2431 291 2489 humanae
303 2443 373 2503 spes
384 2425 560 2486 concidant:
576 2426 813 2503 praeconiorum
826 2428 909 2487 enim
921 2429 985 2488 col·

33 2529 215 2607 ligandorum
232 2525 302 2585 loco
317 2524 430 2583 incidit
444 2523 510 2599 ipse
525 2523 558 2582 in
574 2523 807 2598 accusationes,
823 2526 984 2586 obtrecta-

34 2623 180 2701 tionesque
203 2618 362 2697 publicas,
386 2621 419 2676 et
448 2616 480 2675 iu
509 2617 646 2676 omnium
675 2617 764 2692 odia,
787 2617 835 2679 ita
857 2621 893 2677 ut
914 2621 984 2679 Rex

34 2715 85 2793 ipss
104 2716 197 2776 illum
219 2714 258 2775 ab
280 2729 312 2771 se
333 2709 433 2770 inerit
453 2714 578 2770 coactus
600 2709 774 2770 dimittere.

82 2897 116 2950 (1)
131 2893 244 2942 Litteras
259 2891 288 2938 iu
303 2890 387 2937 torma
401 2887 492 2936 Brevis
507 2885 549 2934 dle
566 2888 596 2936 14
611 2885 673 2934 Iulli
690 2888 760 2935 1787.

81 2975 117 3028 ti)
131 2967 391 3019 constiteramus
406 2968 478 3014 VIII.
496 2964 538 3012 dle
553 2966 593 3012 90.
604 2962 715 3022 Augusti
731 2963 803 3011 1999.
814 2975 879 3022 qnae
894 2964 985 3024 incipit

33 3039 98 3092 Dices
117 3045 147 3094 ia
157 3039 344 3092 Misericordia
359 3041 388 3090 in
403 3042 501 3090 Bullar.
511 3043 583 3088 Rom.
594 3037 720 3088 nunaut.
732 3051 802 3086 num.
814 3041 868 3088 aba.
882 3041 978 3087 tomv.

32 3119 304 3182 pus,11.peg.nss.et
320 3129 373 3177 seq.
390 3117 417 3165 ot
432 3115 585 3177 spondanus
600 3117 628 3163 in
640 3115 785 3165 Continuat.
798 3115 893 3162 Annei.
906 3115 982 3164 card.

34 3193 192 3245 Bersumno
204 3195 275 3243 1999.
286 3199 310 3256 s.
323 3195 362 3240 10.

81 3275 115 3330 (9)
131 3275 179 3323 clt.
190 3268 283 3319 Proeto
294 3269 389 3317 Verbal
404 3266 435 3316 de
452 3265 551 3317 l’annte
563 3269 632 3317 1799.
647 3265 742 3316 stanes
754 3267 843 3316 (ILIII.
856 3279 914 3326 pag.
924 3268 981 3316 491.

35 3349 112 3410 etseq.
128 3350 156 3398 ln
171 3345 300 3396 menoare
314 3359 351 3392 aa
361 3342 425 3405 Boi,
443 3350 607 3392 coacerbaret
626 3344 664 3391 lca
675 3340 833 3405 entreprises
847 3341 891 3390 des
903 3340 984 3390 Reli-

36 3419 185 3485 9ionooa'rea,
201 3426 227 3471 et
242 3422 392 3482 praesentius
407 3417 432 3474 S.
445 3417 522 3466 Pour
533 3416 668 3479 remedio,
679 3433 737 3478 pag.
749 3421 805 3468 489.

85 3503 117 3558 a>
134 3496 297 3548 Poriss'easis
313 3509 411 3556 nempe,
429 3492 637 3554 Bellocccerusic,
654 3494 757 3553 aliique.

87 3577 119 3632 lb)
135 3575 248 3625 Intteroe
264 3574 406 3638 Apostollci
417 3571 508 3623 Nuntii
523 3570 573 3620 diet
590 3571 628 3619 19.
641 3570 759 3620 Octobris
769 3572 840 3621 1788.

118 3677 178 3731 voe.
195 3678 222 3730 I.
861 3677 891 3725 1a
