2500 4206
46 335 149 389 tenus
176 347 254 406 opus
281 329 324 389 sit
344 331 469 389 decreto
491 329 587 389 etiam
609 332 737 408 propria
758 349 851 392 manu
874 331 1024 392 Vestrum

48 431 196 491 omnium
218 427 407 505 subscripto,
424 427 550 487 firmato
572 428 605 485 et
626 428 784 497 roborato,
801 425 957 498 volumus,
973 426 1026 485 de·

48 523 236 595 cernimus,
260 526 293 583 et
314 523 516 595 mandamus,
539 524 575 581 ut
596 539 635 581 ex
660 520 800 598 pecuniis
820 521 852 580 in
875 519 1025 582 sanctiori

48 616 181 677 aerario
209 613 294 675 arcis
322 616 457 677 Nostrae
485 613 664 693 pontificiae
694 616 793 677 sancti
821 615 936 693 Angeli
968 631 1025 691 per

47 712 107 772 iel.
134 713 259 770 record.
276 710 402 770 Sixtum
426 711 462 770 P.
479 712 516 770 P.
537 711 567 771 V
597 711 768 770 reconditis
793 714 827 771 et
850 709 1024 783 collocatis,

48 806 285 882 depromantur
306 806 340 863 et
360 803 574 868 onustantur
598 803 770 882 quingenta
795 805 898 865 millia
925 807 1026 864 scuto-

47 916 126 958 rum
150 901 295 958 monetae
316 897 663 978 romanae-successive
686 901 803 970 tumen,
826 915 861 957 ac
882 897 1025 974 pluribus

49 993 193 1065 vicibus,
209 994 246 1051 nt
259 991 419 1068 praesenti
441 990 648 1069 gravissimae
670 991 849 1052 necessitati
865 1008 1026 1051 succurra-

49 1091 120 1146 tur.
146 1086 234 1153 Quod
257 1085 283 1144 si
305 1102 345 1144 ex
366 1084 530 1163 praedicta
557 1101 677 1146 summa
700 1085 804 1162 portio
829 1084 934 1161 aliqua
954 1103 1026 1144 ccu-

51 1183 185 1256 sumpta
206 1195 268 1238 non
289 1177 400 1251 fuerit,
417 1179 574 1251 volumus,
598 1179 633 1237 ut
653 1177 684 1236 in
707 1178 787 1238 idem
802 1180 953 1240 Nostrum
975 1196 1026 1238 ae·

50 1274 180 1336 rarium
209 1272 420 1345 restituatur,
444 1276 479 1332 et
498 1275 690 1348 reponatur,
713 1273 817 1349 ibique
839 1273 967 1344 iisdem,
991 1273 1027 1330 ut

49 1370 158 1445 prius,
182 1365 318 1426 vinculis
341 1365 481 1426 subiecta
501 1367 675 1438 remaneat,
698 1365 728 1423 in
752 1364 906 1439 omnibus,
923 1369 956 1426 et
969 1382 1026 1441 per

52 1462 163 1522 omnia
184 1459 277 1520 iuxta
297 1461 440 1519 tenorem
461 1457 721 1518 constitutionum
740 1475 796 1535 per
810 1458 940 1518 eundem
956 1457 1027 1518 Six-

51 1560 123 1616 tum
147 1555 418 1633 praedecessorem
440 1555 593 1615 Nostrum
616 1555 749 1630 desuper
770 1553 948 1626 editarum,
978 1556 1027 1613 at-
1065 1626 1069 1634 Ι

52 1667 112 1726 que
136 1649 185 1709 ita
207 1647 245 1708 ab
267 1647 420 1718 omnibus,
444 1647 482 1707 ad
504 1665 582 1725 quos
603 1650 737 1724 spectat,
754 1647 879 1707 omnino
900 1646 970 1706 fieri
993 1650 1026 1707 et

53 1740 186 1820 exsequi
208 1740 437 1818 praecipimus,
460 1743 494 1800 et
514 1743 712 1812 mandamus3
735 1759 772 1800 ea
793 1757 870 1799 vero
893 1757 1024 1812 summa,

54 1840 191 1917 quaein
215 1839 419 1900 necessitates
447 1837 625 1900 huiusmodi
653 1843 785 1915 erogata
812 1837 933 1908 fuerit,
955 1855 1024 1896 cum

53 1933 270 2012 impensarum
293 1923 506 2008 faciendarum
530 1930 612 1991 ratio
633 1930 825 2005 cessaverit,
849 1929 972 1990 omnino
993 1929 1025 1989 in

55 2026 240 2099 aerarium,
267 2027 348 2084 uncle
375 2027 561 2102 deprompta
585 2023 666 2098 suit,
689 2024 720 2082 in
744 2027 850 2084 eodem
876 2022 1026 2100 pecuniae

53 2120 167 2180 valore
187 2117 328 2189 restitui,
345 2134 380 2176 ae
396 2115 503 2193 reponi
525 2120 700 2192 opportuno
713 2120 854 2193 tempore
869 2117 1025 2188 volumus,

55 2212 261 2284 intendimus,
282 2213 377 2286 atque
400 2210 446 2269 ita
467 2212 530 2269 Deo
552 2211 646 2269 dante
659 2210 836 2270 curabimus
858 2210 950 2268 iuxta
964 2207 1028 2266 for·

54 2321 138 2366 mam
168 2311 202 2364 et
229 2304 467 2381 dispositionem
489 2305 662 2362 earundem
683 2304 956 2363 constitutionum.
972 2303 1027 2364 Oc-

55 2401 163 2459 terum
178 2400 216 2457 de
231 2397 410 2458 huiusmodi
425 2399 541 2459 Nostro
557 2399 696 2469 decreto,
712 2402 746 2457 et
759 2398 832 2457 aliis
846 2397 1027 2474 praemissis

55 2494 202 2552 omnibus
230 2495 318 2554 ultra
341 2492 553 2552 venerabilem
582 2490 716 2550 fratrem
740 2493 892 2552 Nostrum
914 2490 1027 2550 Henri-

57 2603 128 2646 cum
151 2587 185 2646 S.
201 2587 240 2646 R.
260 2588 296 2646 Ε.
314 2585 505 2645 cardinalem
521 2587 637 2644 Ducem
658 2586 885 2644 liberacensem
907 2585 1027 2660 episco-

56 2696 132 2756 pum
157 2680 369 2740 Tusculanum
392 2679 530 2738 eiusdem
551 2679 584 2738 S.
603 2679 643 2737 R.
659 2679 696 2738 E.
716 2677 1025 2752 vice-camerarium,

56 2775 156 2835 etiam
174 2772 324 2834 dilectum
341 2773 442 2833 filium
459 2774 612 2833 Nostrum
635 2771 828 2848 Stephanum
850 2770 940 2831 tituli
955 2789 1027 2832 san·
1065 2849 1067 2856 y

56 2868 101 2928 cti
118 2867 290 2928 Clementis
313 2867 414 2928 dictae
430 2867 462 2927 S.
479 2868 519 2927 R.
536 2867 572 2926 E.
591 2864 810 2943 presbyterum
834 2865 1025 2926 cardinalem
1056 2855 1058 2858 ’

57 2961 188 3038 Borgia.
599 2985 602 2992 ·

119 3056 155 3114 ln
178 3053 300 3114 nomine
321 3055 430 3115 Patris
454 3057 509 3129 alc,
537 3056 570 3114 et
595 3051 671 3113 Filii
695 3055 749 3127 ὦ,
772 3055 806 3112 et
826 3051 966 3129 Spiritus
989 3055 1023 3124 tls

59 3147 171 3209 sancti.
192 3149 303 3208 Amen.
