2386 4194
600 174 779 284 -lsl'-

265 325 343 385 Odio
363 327 470 403 itaque
490 327 629 404 percitus
650 328 681 388 in
695 331 922 408 pro-legatum
945 331 1117 400 Nostrum,
1140 343 1174 386 eo

206 421 285 496 quod
308 425 367 478 nec'
384 419 448 478 suis
469 407 675 496 petitionibus
689 423 879 496 indulserat,
897 441 953 483 nec
973 422 1112 483 civicum
1129 441 1177 480 sa·

205 509 400 573 crementum
423 514 597 588 detulerat,
612 518 743 576 enodem
764 529 958 594 quacumque
972 517 1066 576 exuit
1079 515 1177 575 iuris·

204 603 356 679 dictione,
377 608 410 665 et
431 608 590 684 tamquam
605 608 789 670 ministrum
809 612 963 672 Nostrum
984 610 1100 670 baberi
1117 627 1177 668 am-

204 694 288 774 plius
309 716 370 757 non
393 715 483 775 posse
504 700 692 763 declaravit.
705 703 772 763 Nec
794 702 942 764 dissimili
958 697 1085 763 ratione
1108 719 1175 762 cnm

122 801 124 804 ·
205 787 322 850 dilecto
343 790 410 851 filio
430 789 659 870 christophoro
673 795 847 856 Pieraccbi
861 789 1115 872 Carpentoracti
1131 813 1176 853 re·

207 883 314 958 otore,
337 903 469 963 cumque
493 886 566 947 aliis
596 887 752 949 ministris
780 889 958 950 Pontifloiis
982 893 1033 949 est
1054 893 1172 950 actum.

206 976 343 1038 Subinde
364 978 397 1038 in
419 979 520 1040 locum
542 981 719 1060 pro-legati
742 1000 856 1042 novum
878 983 1020 1043 tribunal
1043 983 1175 1043 institu-

206 1075 290 1145 tum,
312 1075 440 1150 tresque
458 1075 705 1137 conservatores
726 1078 836 1138 Status
865 1078 1037 1149 nominati,
1062 1082 1100 1137 et
1121 1078 1173 1137 duo

206 1167 348 1244 deputati
369 1169 408 1227 ad
421 1169 485 1230 Nos
508 1167 607 1245 missi,
622 1171 780 1231 mandato
802 1173 934 1248 quodam
959 1171 1118 1231 instructi
1130 1189 1172 1232 ar-

205 1261 381 1338 rogantiae,
403 1266 437 1322 et
458 1261 645 1323 iniuriarum
667 1264 777 1340 pleno,
803 1283 839 1324 ac
859 1267 1002 1341 apertam
1025 1265 1170 1325 defectio

205 1349 276 1413 nem
297 1372 371 1432 prae
393 1371 426 1413 se
447 1354 579 1414 ferente:
596 1358 674 1434 quod
694 1358 727 1416 in
741 1375 835 1420 causa
851 1358 925 1431 tuit,
941 1377 999 1418 our
1013 1359 1166 1436 deputati

205 1447 386 1508 huiusmodi
403 1467 525 1508 omnem
540 1452 577 1511 ad
592 1453 657 1514 Nos
672 1453 793 1513 aditum
806 1451 1061 1512 occluderemns.=
1072 1455 1165 1513 Exue

205 1537 339 1622 ctoratis
360 1541 407 1602 ita
427 1543 554 1604 Nostris
572 1535 753 1618 ministris,
783 1545 892 1604 debuit
917 1544 1063 1606 Ioannes
1087 1546 1170 1607 Gelo-

205 1634 289 1696 stim'
309 1637 439 1696 Romam
461 1653 495 1697 re
517 1637 635 1698 infecta
655 1638 790 1712 reverti,
807 1637 924 1715 aliique
935 1637 1107 1698 Pontificii
1126 1640 1172 1699 mi*

207 1727 301 1790 nistri
313 1729 619 1792 exinde'recodentes
632 1732 795 1809 petierunt
808 1731 909 1808 primo
921 1731 1170 1808 Aabipnanum

206 1825 309 1884 locum
326 1822 579 1901 carpentoracto
593 1826 785 1902 proximum,
802 1825 1070 1886 moxBacbetam
1080 1845 1172 1905 prope

206 1919 358 1979 terminos
380 1918 541 1979 Vonaisini
564 1919 757 1991 Comitatus,
784 1920 913 1980 subinde
929 1925 1110 1981 'crescente
1133 1927 1172 1981 tn-

205 2013 309 2073 r'nultu
329 2013 663 2073 Montemlimartiam
690 2013 721 2072 in
743 2013 954 2090 Delphinum,
977 2017 1011 2075 et
1042 2015 1170 2092 denique

206 2102 529 2178 Contemnamus
552 2104 601 2164 die
617 2104 761 2166 5martii
782 2105 944 2166 buiusmet
964 2107 1040 2166 anni
1063 2125 1171 2186 oppor-

206 2195 299 2259 tunas
320 2198 565 2276 protestationes
587 2202 795 2272 renovarunt,
811 2215 924 2275 easque
946 2201 978 2258 in
1001 2201 1084 2262 actis
1109 2221 1171 2262 can·

205 2291 354 2352 cellariae
375 2291 567 2368 Episcopalis
588 2291 770 2351 inserendas
790 2297 955 2352 curarunt.

267 2385 340 2451 Quis
369 2401 513 2462 umquam
539 2383 744 2457 credidisset,
766 2386 848 2444 hnnc
869 2385 1060 2459 Nostrorum
1084 2387 1165 2447 mini·

205 2480 344 2539 ttrorum
367 2476 536 2537 discessum
558 2494 620 2535 non
642 2478 707 2538 alia
727 2495 767 2538 ex
789 2495 884 2539 causa
906 2479 1101 2556 profectum,
1119 2479 1168 2538 nisi

205 2574 287 2650 quod
308 2570 358 2632 illi
373 2589 405 2630 se
427 2569 512 2630 omni
527 2569 743 2630 iurisdictione
762 2572 848 2644 exui,
865 2589 1014 2650 suamque
1035 2573 1169 2650 ipsorum

94 2689 97 2696 ’
206 2665 305 2728 titum
327 2663 502 2743 periclitari
517 2663 681 2737 viderent,
698 2665 808 2725 ueluti
830 2683 937 2726 eorum
962 2666 1089 2742 saepius
1111 2669 1170 2725 ite·

205 2764 295 2830 ratae'
317 2758 562 2838 protestationes
585 2759 770 2832 declarant3
793 2761 889 2833 hunc,
914 2759 1092 2836 inquimus,
1116 2759 1171 2820 dis·

205 2871 325 2914 cessum
346 2870 454 2914 ansam
477 2850 694 2928 praebiturum
718 2850 813 2912 fnisse
834 2851 974 2912 Consilio
992 2851 1169 2929 municipali

204 2946 521 3024 carpentoractensi,
551 2944 770 3022 nonnullisque
798 2945 870 3006 aliis
891 2945 1170 3006 Oommunitatibns

205 3039 393 3117 dictitandi,
417 3045 450 3102 et
478 3040 574 3118 vulgo
603 3039 899 3117 obloquendi„asse
927 3040 1060 3117 populos
1080 3057 1101 3099 a
1119 3056 1170 3098 suo

205 3133 346 3212 principe
367 3133 548 3206 derelictos,
564 3131 736 3209 solutisque
756 3136 925 3210 propterea
938 3138 957 3193 a'
971 3132 1170 3194 iureiurando

205 3225 379 3305 fidelitatis
408 3227 525 3299 licere,
548 3225 575 3286 si
596 3224 737 3296 vellent,
761 3242 794 3284 se
814 3225 884 3302 regi
909 3223 1169 3285 christianissimo

206 3318 332 3394 dedere,
347 3320 603 3396 quemadmodum
624 3333 738 3378 revera
752 3317 929 3377 faciendum
951 3317 1010 3378 sibi
1030 3335 1095 3376 esse
1119 3317 1168 3387 ds-

206 3413 399 3473 oravarunti
413 3413 551 3490 Populus
561 3429 639 3472 'sane
653 3409 892 3482 avenionensis,
905 3413 941 3498 et
951 3409 1168 3472 comitatensis

206 3523 271 3566 sese
291 3508 427 3571 Nostrae
449 3507 564 3569 ditioni
583 3505 752 3579 subduxit,
769 3505 1168 3570 violano·.ansos.humenm
