2386 4194
634 245 812 304 -146-

240 371 299 430 que
321 353 479 412 auxerunt
499 350 650 424 laborem,
674 357 710 412 nt
731 352 768 410 ad
790 351 866 410 haec
886 350 1173 427 quoqueNostrcen·

240 446 426 504 tenderetur
447 444 648 518 sollicitudo,
671 444 703 502 in
724 462 773 517 ee,
795 461 887 521 quam
909 447 986 503 tunc
1005 442 1173 520 parabamus,

241 541 279 602 ad
299 538 464 617 Episcopus
485 538 700 614 responsione,
715 539 909 616 Nostraeque
927 554 1019 597 curas
1033 537 1124 596 denno
1136 551 1174 592 cn·

242 632 384 692 citaruut
403 632 441 690 ad
464 630 603 708 publicus
624 647 732 708 preces
753 629 945 703 indicendus,
969 629 1060 691 etad
1081 627 1181 690 miseri.

241 725 418 786 cordiarum
439 724 567 784 Patrem
595 724 798 783 exorandum.
828 723 913 783 Haec
934 722 1003 800 ipsa
1023 719 1174 782 Decreun

242 836 335 880 causa
355 817 507 890 fuerunt,
528 833 585 875 cur
606 815 782 876 Galliarum
802 815 971 894 Episcopi,
994 815 1048 893 qui
1069 811 1181 892 egregiis,

242 913 337 973 editis
358 909 631 972 lucubrationibus
645 912 883 987 oppugnandam
898 910 982 971 Gleri
998 907 1176 972 constitutio

245 1023 314 1064 nem
337 995 549 1082 susceperant,
566 1021 661 1062 novas
682 1003 714 1062 in
735 1002 850 1081 vulgus
864 1002 1010 1063 Litteras
1028 1003 1175 1080 pastoratu

244 1099 411 1171 ediderint,
427 1115 592 1176 omnesque
613 1096 789 1156 industriae
812 1115 884 1158 suae
907 1115 1022 1157 nervos
1037 1095 1174 1156 contendo·

243 1196 311 1256 rint
331 1195 482 1257 adversus
503 1211 551 1265 ea,
566 1210 645 1269 quac
666 1192 753 1253 circa
773 1193 997 1267 iuramentum,
1013 1192 1097 1252 circa
1113 1193 1173 1264 depo

244 1289 374 1350 sitiones
394 1287 631 1364 Episcoporum,
652 1285 736 1345 circa
756 1285 882 1346 Sedium
903 1285 1127 1364 Episcopulium
1141 1299 1171 1338 u·

244 1384 396 1455 cationes,
416 1380 502 1440 circa
523 1396 675 1439 novorum
698 1381 863 1441 Pastorum
884 1379 1078 1452 electiones,
1096 1374 1168 1437 condr-

245 1476 456 1551 motionesque
478 1471 763 1534 constituebantur.
780 1475 828 1534 Ex
848 1491 907 1550 quo
929 1473 1050 1534 lactum
1071 1476 1128 1540 est,
1142 1483 1167 1533 u.

245 1572 315 1631 tota
335 1568 475 1648 Ecclesia
495 1565 659 1627 Gallicano
686 1566 806 1626 fatente
835 1572 868 1628 et
894 1568 1124 1634 consentienm,
1141 1564 1181 1624 la.

244 1663 312 1724 beri
333 1663 481 1722 deberent
502 1661 681 1720 iuramenta
701 1660 813 1733 civica,
830 1667 987 1737 tamqnam
1010 1658 1139 1738 periuris
1152 1655 1181 1728 set

245 1756 422 1834 sacrilegio,
444 1774 504 1815 non
527 1753 749 1816 ecclesiasticis
771 1755 873 1827 modo,
890 1754 943 1814 sed
963 1753 1115 1814 catholico
1127 1766 1173 1826 qno·

244 1851 294 1912 vis
316 1849 439 1910 bomine
460 1864 588 1925 prorsus
609 1845 762 1923 indigna,
789 1863 955 1924 omnesque
982 1847 1171 1923 consequentes

244 1946 346 2016 actus,
362 1949 520 2016 tamquam
542 1937 734 1999 schismatici
748 1955 804 2015 pro
825 1938 932 2011 nullis,
950 1938 1068 2012 irritis,
1084 1933 1173 2015 grado

245 2033 392 2110 ribusque
414 2031 556 2091 censuris
578 2029 731 2090 obnoxiis.

303 2127 396 2189 Hisce
416 2125 501 2188 Gleri
523 2123 679 2185 Gallicani
701 2123 977 2198 declarationibus,
1001 2123 1095 2202 digno
1113 2117 1172 2181 lando

244 2219 462 2296 celebrandis,
484 2218 567 2279 facts
595 2219 835 2295 responderunt.
867 2216 1013 2294 Episcopi
1036 2217 1113 2276 enim
1134 2214 1171 2270 scu

245 2333 363 2388 omncs,
375 2318 409 2374 et
418 2313 630 2375 Perochorum
642 2329 714 2389 pars
728 2310 865 2371 maxima
876 2317 1107 2370 sacramentum
1116 2321 1169 2384 pru·

244 2412 330 2468 sture
359 2407 480 2467 invicta
506 2405 602 2466 animi
632 2405 809 2465 constantia
838 2405 1083 2476 detrectarunt,
1109 2398 1171 2478 probe

244 2505 320 2561 tunc
340 2503 538 2578 agnoverunt
558 2496 735 2575 Religionis
757 2496 896 2570 inimici,
912 2497 1047 2573 pessima
1069 2506 1172 2556 succor-

244 2592 317 2654 silia
338 2593 441 2653 omnia
455 2592 487 2649 in
504 2591 632 2651 irritum
654 2607 811 2662 recasura,
828 2588 889 2648 nisi
904 2589 1037 2649 alicuius
1051 2581 1173 2666 Episcopi

243 2691 300 2748 aut
319 2685 492 2746 ambitione
514 2686 598 2744 ducti
615 2691 672 2746 aut
693 2683 871 2757 imbecillis,
895 2682 1033 2743 animum
1057 2676 1174 2760 perticis

245 2785 337 2855 sent3
366 2777 419 2856 qui
448 2777 579 2856 proinde
607 2781 641 2837 et
669 2775 881 2836 iuramentum
910 2777 946 2834 de
974 2772 1176 2836 Constitutione

247 2875 361 2934 tuenda
381 2873 570 2950 praestaret,
594 2875 626 2928 et
645 2870 814 2946 sacrilegas
836 2867 933 2929 etiam
948 2887 1058 2930 manus
1079 2869 1112 2928 ad
1130 2878 1174 2922 cor·

245 2967 435 3028 secrationes
456 2963 650 3035 admoveret,
666 2963 713 3022 itu
733 2969 779 3034 ut,
796 2963 834 3021 ad
850 2961 984 3022 schisma
997 2960 1173 3021 inferendum

245 3061 291 3120 nil
311 3059 446 3137 amplius
468 3059 599 3117 deesset.
624 3059 687 3116 Hos
709 3057 814 3128 inter,
842 3055 978 3116 aliorum
1008 3053 1140 3121 malitis,
1155 3052 1179 3122 et

244 3153 353 3214 lruude
382 3151 544 3223 devictos,
574 3150 693 3227 primus
721 3147 849 3210 exstitit
877 3147 1009 3210 carolos
1036 3147 1179 3226 Episcoputt

244 3245 560 3322 Aepustoduucnsis,
577 3241 820 3303 constitutionis
841 3241 947 3300 fautor
961 3241 1136 3308 acerrimus
1147 3231 1179 3316 cll

246 3346 296 3398 ter
324 3336 386 3396 fuit
413 3334 556 3395 Ioannes
584 3333 698 3410 Ioseph
722 3333 893 3410 Episcopus
921 3317 1179 3424 lineamentis(

245 3430 429 3489 Ludovicus
443 3427 610 3505 Episcopus
631 3417 899 3497 Aurelianensis,
920 3431 1051 3503 quartus
1073 3421 1172 3484 corcus

244 3522 412 3599 Episcopus
440 3521 650 3591 Viooricnsis,
666 3518 794 3595 quintus
810 3519 986 3580 Cardinalis
1006 3520 1044 3580 de
1053 3511 1171 3578 Lcmcrit
