2386 4194
615 249 773 312 ..,0..

218 379 280 422 sem
304 380 359 422 suo
380 360 528 437 suffragio
548 360 683 420 electum
706 359 891 420 confirmare
912 357 1100 434 dignaretur
1114 315 1185 431 (1),ἕ

218 457 296 534 quod
312 456 404 533 plane
415 453 566 525 ‚ostendit
583 454 616 514 S.
633 453 787 516 Abbatem
802 451 965 530 agnovisse
980 447 1098 510 nullius
1111 466 1168 506 mo-
1184 457 1185 480 ³

217 547 316 611 menti
343 549 565 625 Episcopcrum
594 546 762 608 electiones
788 563 877 618 esse,
908 545 967 606 nisi
998 531 1185 626 Apostolical

217 641 431 702 intercederet
450 639 649 717 approbatio.
1008 699 1009 704 ,

278 737 442 796 Postremo
463 753 531 796 cum
553 735 719 796 continnae
746 735 965 796 excitarentur
993 729 1185 812 discordiae„

218 829 397 900 tumultus,
427 828 586 906 ceterique
621 829 757 902 abusus,
784 826 927 905 oportuit
960 826 1110 903 populum
1138 823 1185 894 abl

219 922 423 983 electionibus
445 939 621 995 removere,
643 924 769 1000 eiusque
794 920 1022 994 testimonium,
1046 921 1081 978 et
1101 895 1185 984 desi-l

219 1015 339 1076 derium
360 1016 444 1077 circa
465 1033 629 1094 personam
651 1017 827 1095 eligendam
849 1015 1039 1093 praeterire.
1184 991 1185 1072 l

279 1110 363 1176 Quae
385 1111 509 1186 quidem
532 1111 638 1188 populi
660 1111 812 1183 exclusio,
836 1111 861 1170 si
884 1109 1016 1186 provide
1038 1109 1114 1166 tunc
1131 1105 1167 1162 est

217 1204 358 1278 inducta,
381 1223 450 1266 oum
472 1205 509 1265 de
532 1205 608 1265 solie
626 1204 799 1266 Catholicis
819 1205 857 1264 ad
879 1201 1050 1266 electiones
1072 1197 1167 1262 admit·

160 1299 163 1304 ’
219 1298 321 1358 tendis
346 1299 518 1376 agebatur,
540 1299 613 1376 quid
637 1298 803 1360 dicendum
824 1297 889 1358 erit
910 1297 947 1356 de
961 1297 1103 1356 'Decreto
1120 1292 1165 1352 Na·

218 1389 347 1450 tinnulis
367 1392 566 1463 Conventus,
589 1388 677 1450 cuius
704 1389 758 1462 vi,
780 1385 960 1466 posthabito
984 1386 1100 1460 (llere,
1119 1382 1163 1442 elo·

134 1496 136 1504 ’
219 1485 338 1544 clionee
358 1485 535 1546 huiusmodi
553 1484 686 1548 Gallicis
707 1483 912 1546 Districtibus
933 1478 1162 1542 tribuunturlln
1184 1481 1185 1544 t

219 1577 332 1655 quibus
353 1595 422 1638 cum
444 1577 667 1638 contineantur
687 1576 807 1650 Iudaei,
829 1574 1003 1647 Haeretici,
1025 1577 1062 1634 et
1083 1571 1185 1662 multaq

218 1673 490 1735 Heterodoxorum
512 1690 640 1750 genera,
661 1689 795 1750 quorum
820 1672 853 1732 in
875 1668 1103 1752 episcopalibus
1118 1663 1185 1746 ele-i

219 1766 382 1828 ottonibus
402 1785 461 1830 non
491 1766 658 1834 mediocris
686 1784 761 1844 pars
788 1766 980 1838 interesset,
1002 1769 1081 1826 tunc
1104 1757 1164 1821 illud

218 1864 475 1939 consequeretur,
496 1862 577 1938 quod
598 1861 736 1925 maxime
762 1861 941 1933 abhorruit,
963 1877 999 1921 ac
1020 1859 1105 1920 ferre
1125 1871 1166 1913 no-

218 1954 282 2016 luit
296 1955 330 2013 S.
347 1954 519 2030 Gregorius
540 1955 684 2032 Magnus,
699 1953 753 2030 qui
776 1955 814 2016 ad
836 1953 1086 2014 Mediolanenses
1105 1951 1166 2010 scri·

218 2048 294 2107 bens
316 2047 361 2125 (2)
383 2050 520 2108 testatus
543 2050 610 2108 est:
641 2048 741 2110 «Nos
762 2046 794 2106 in
816 2047 972 2106 bominem
998 2046 1053 2123 qui
1080 2035 1165 2106 nona

219 2141 434 2214 incatholicis,
451 2145 485 2201 et
497 2141 634 2202 maxime
655 2159 674 2204 a
693 2139 913 2218 Longobardis
933 2139 1079 2218 eligitur,
1095 2137 1164 2198 nulla
1184 2141 1185 2210 l

220 2251 238 2296 r
253 2234 436 2310 praebemus
447 2233 569 2293 ratione
580 2249 802 2292 consensum...
818 2232 891 2309 quia
904 2232 1050 2294 Vicarius
1064 2234 1097 2292 S.
1107 2233 1164 2292 lm·

220 2326 350 2386 »brosii
375 2326 523 2404 indignus
547 2327 712 2386 evidenter
741 2326 941 2396 ostenditur,
968 2325 996 2386 si
1022 2326 1163 2388 electura

111 2469 113 2473 ,
220 2423 374 2482 »talibus
394 2423 573 2482 ordinatur.
591 2438 610 2480 r

246 2533 248 2538 ·
279 2516 331 2575 Ita
350 2514 434 2574 enim
457 2533 517 2574 non
541 2515 639 2576 solum
669 2515 901 2574 renovarentur
926 2513 1164 2590 perturbationes

221 2626 339 2682 omnes,
362 2607 604 2685 offensionesque
625 2607 687 2666 iam
710 2626 730 2668 a
751 2611 841 2668 tanto
866 2617 1007 2684 tempore
1031 2605 1163 2670 abente.

220 2705 273 2767 sed
294 2704 328 2762 et
348 2701 440 2762 facile
461 2701 493 2760 in
514 2701 681 2778 Episcopos
702 2700 920 2778 deligerentur
941 2699 1018 2774 viri,
1035 2701 1088 2778 qui
1108 2696 1165 2758 illos

219 2799 253 2856 in
274 2814 330 2856 sua
351 2812 496 2856 errorum
517 2794 701 2871 corruptela
722 2794 822 2854 socios
842 2794 1008 2868 haberent,
1031 2797 1066 2854 et
1085 2788 1165 2866 magi·

221 2894 315 2963 stror,
331 2890 382 2951 vel
398 2889 451 2968 qui
466 2889 576 2950 saltem
592 2889 714 2950 occulte
735 2888 767 2948 in
790 2889 895 2948 animo
916 2906 1024 2950 sensus
1038 2883 1165 2947 foverent

220 2989 428 3064 congruentes
450 2983 590 3052 sensibus
612 2983 796 3049 electorum,
816 2985 853 3042 ut
874 2982 1016 3042 advertit
1029 2981 1063 3042 S.
1076 2980 1166 3041 Hiero

148 3092 150 3096 ’
220 3096 334 3158 nymus
355 3077 400 3156 (3)
422 3077 551 3136 dicens:
582 3077 859 3152 «Nonnumquam
881 3078 970 3136 errat
989 3073 1088 3152 plebis
1113 3066 1166 3130 vul·

219 3173 345 3250 agique
369 3173 538 3245 iudicium,
565 3171 657 3232 etin
683 3170 904 3244 Sacerdotibus
933 3163 1163 3246 comprobandis,

284 3338 318 3391 (1)
334 3336 415 3394 Itplat.
428 3337 499 3393 XIII,
510 3336 572 3380 tom.
584 3307 746 3393 lepram.
758 3333 797 3390 88,
809 3329 871 3380 eut.
882 3332 992 3384 namin.

282 3415 317 3469 (2)
334 3413 415 3470 Epist.
427 3413 472 3469 1v,
482 3412 528 3462 lib.
539 3413 583 3468 XI,
594 3411 729 3470 peaaoas
744 3411 770 3458 et
780 3421 839 3468 aeq,

220 3488 325 3612 vulg),
333 3488 389 3535 Idb.
401 3488 422 3533 1.
441 3485 541 3534 advers.
559 3486 641 3534 mvin.
659 3498 685 3538 n.
702 3486 742 3543 84,
758 3497 818 3546 pag·
829 3485 884 3537 292.
901 3486 963 3534 tom.
976 3486 1013 3542 11,
1031 3495 1099 3542 oper.
1114 3476 1161 3528 «lil-
