2364 4198
23 301 81 358 lius
98 297 267 358 exclamat:
284 298 371 363 Once
384 301 542 376 ferantur
562 317 584 358 a
609 297 747 378 Georpio
772 309 847 362 octa
868 303 906 361 in
926 305 978 362 in·

21 393 114 450 truita
144 393 238 464 eins,
270 394 445 454 ostendant
472 395 582 472 quotis
609 396 714 470 fucrit
734 395 814 454 ordo
844 396 881 454 in
910 397 979 455 aisn

20 485 234 546 ordinatione.-
245 487 444 563 mesimeri.
456 529 482 548 ..
496 531 503 546 .
528 489 666 566 indipne
679 488 805 549 nociti.
818 532 826 548 .
838 531 866 548 ..
884 504 978 548 sucro

18 580 167 654 mysteria
188 577 334 654 direptus
353 587 391 638 nt
411 581 448 638 oi
469 589 620 656 cuperent
640 583 817 642 nonnullos
839 581 881 641 ad
902 597 978 642 con·

18 671 216 730 stitutionem
242 668 376 748 Georpii
399 673 654 749 approbandam.
678 673 791 746 Haec,
815 680 846 734 et
867 674 979 732 istisn-

17 764 96 822 nodi
119 764 308 838 ostendunt,
328 768 468 843 quinam
490 770 559 826 sint
582 781 748 827 canonum
766 767 978 842 praeuarica-

19 863 104 917 tnres.
129 857 217 916 Nam
229 902 236 917 .
249 901 257 918 .
270 903 298 918 ..
322 876 382 921 nee
403 878 475 922 cnm
492 863 780 937 praeuaricatione
809 862 890 936 lepis
910 875 978 920 coe·

17 953 106 1026 pisset
133 967 186 1012 eos
211 954 274 1012 sibi
301 955 543 1030 obtemperare,
571 956 631 1032 qni
656 957 688 1014 ei
712 955 855 1032 lepitime
879 953 979 1013 obnu-

19 1043 149 1106 diebant
171 1045 228 1127 (l).

67 1141 223 1208 Quamvis
244 1141 384 1218 proiecto
405 1142 508 1204 multa
521 1147 556 1204 et
570 1141 682 1221 gravia
696 1141 762 1202 sint
775 1139 909 1202 crimina
923 1155 978 1216 per

17 1232 205 1294 Mulierinm
225 1238 370 1310 patrata,
395 1234 599 1296 nihilominus
621 1235 766 1296 volentes
788 1233 888 1294 eidem
910 1249 980 1310 spa·

18 1327 89 1386 tium
113 1343 150 1386 ac
172 1326 356 1389 facultatem
378 1328 557 1410 relinquere
578 1327 748 1406 colligendi
772 1345 824 1400 se,
847 1343 978 1402 suasque

20 1419 119 1496 culpas
134 1419 261 1496 publica
275 1425 368 1498 atque
384 1425 561 1499 opportuna
579 1420 792 1483 satisfactione
808 1418 977 1497 purgandi,

22 1511 228 1590 linsmetipsns
248 1515 338 1574 modo
358 1515 539 1575 cohibemus
561 1533 580 1575 a
601 1512 804 1592 gravioribus
817 1509 977 1573 canonicis

27 1604 130 1678 poenis,
146 1604 239 1681 eique
252 1605 431 1684 infligentes
449 1625 579 1686 poenam
602 1605 740 1667 omnium
763 1603 976 1677 mitissimam,

26 1695 110 1774 ipsum
134 1698 332 1761 declaramus
353 1703 391 1762 ol
412 1702 528 1763 ordine
549 1699 748 1762 sacerdotali
776 1714 975 1775 suspensum,

25 1797 48 1853 et
67 1795 316 1872 irrcpnlaritnti
336 1797 430 1856 etiam
456 1796 640 1869 obnoxium,
662 1795 689 1855 si
711 1795 906 1873 praedictum
928 1810 980 1854 cu·

22 1885 115 1946 dinem
137 1887 254 1946 audeat
273 1901 434 1949 exercere.

70 1978 290 2057 praecipimus
311 1981 438 2059 iusuper
453 1983 614 2061 praedicto
628 1983 783 2043 Mulierio
801 1980 856 2040 snb
870 1981 977 2042 eadem

27 2074 234 2149 impactionis
254 2091 370 2150 poena,
386 2093 424 2134 ne
446 2076 560 2136 audeat
586 2076 729 2152 deinceps
752 2080 808 2134 aut
829 2093 861 2134 se
883 2073 980 2135 Vica-

27 2164 95 2226 sium
116 2165 332 2243 capitularem
355 2185 477 2241 vocare,
494 2171 550 2229 aut
571 2168 638 2229 ulla
660 2167 767 2230 munia
787 2167 885 2240 obire,
901 2183 978 2244 quae

23 2275 134 2336 quoquo
151 2259 292 2320 modoad
309 2260 389 2320 hanc
414 2261 595 2337 pertineant
616 2261 818 2339 dignitatem,
835 2261 978 2338 adquam

21 2368 71 2410 non
93 2349 172 2423 uite,
192 2354 227 2412 et
247 2369 305 2410 non
328 2355 474 2412 canonice
495 2353 636 2415 accessit.
651 2354 826 2432 Praecipue
842 2370 918 2414 veno
933 2352 980 2412 in·

20 2444 184 2504 terdiclum
208 2442 306 2504 eidem
336 2445 500 2520 volumus,
523 2464 561 2506 ue
583 2447 761 2524 peripsum
784 2446 979 2508 dimissoriae

20 2537 144 2622 litterae
164 2539 279 2598 dentur
298 2541 336 2600 ad
351 2539 475 2600 ordines
490 2541 715 2619 suscipiendum
731 2547 765 2603 et
780 2560 819 2601 ne
833 2540 976 2618 parochi,

20 2631 146 2703 sicarii,
170 2632 310 2691 rectores
331 2631 590 2707 semiunciarum,
612 2633 835 2704 iunctionarii,
860 2632 978 2709 aliique
1016 2669 1018 2678 ι

21 2724 153 2784 ministri
175 2723 383 2784 ecclesiastici
404 2724 543 2786 cuiusvis
565 2724 701 2802 generis,
724 2726 803 2788 lieet
824 2743 843 2786 a
864 2725 978 2804 populo

20 2818 119 2892 electi,
140 2818 253 2896 quovis
275 2819 363 2878 modo
385 2818 607 2892 instituentem
632 2819 828 2880 declarantes
852 2817 976 2892 inuitas,

25 2917 109 2991 atque
140 2913 249 2974 inanes
278 2912 516 2987 institutiones,
541 2931 577 2974 uc
603 2912 824 2991 deputationes
852 2928 977 2984 omnes,

25 3023 93 3082 qnae
121 3007 272 3068 hactenns
297 3006 400 3069 iactae
428 3005 561 3068 inissent
582 3024 651 3067 cum
674 3005 817 3067 omuibus
838 3005 910 3064 inda
931 3021 979 3062 se-

23 3101 108 3174 cutis,
124 3100 263 3177 aliosque
285 3103 373 3160 actus
395 3099 562 3178 quoslibet,
576 3117 654 3181 qnos
668 3100 771 3162 fecere
793 3099 924 3160 auderet
945 3096 978 3157 iu

23 3195 189 3265 posterum.

77 3283 264 3346 Subiioimns
291 3301 412 3362 qunque
433 3284 532 3346 eidem
554 3303 671 3363 poenae
699 3288 918 3364 suspensionis
939 3283 978 3345 ab

24 3377 169 3438 exercitio
195 3376 313 3437 ondinia
341 3376 535 3454 praedictum
560 3378 813 3451 Monuonsinn,
837 3377 977 3440 Ouatouii

86 3494 116 3547 nt
133 3493 180 3543 cit.
191 3505 249 3554 pag.
261 3493 316 3542 its.
327 3491 367 3539 llt.
378 3495 407 3540 ll.
