2498 4200
28 341 140 384 annum
161 320 395 397 archiepiscopo
415 319 587 381 Parisienai
609 317 779 380 facultates
801 338 906 380 omnes
935 341 991 381 ne·

27 416 194 488 cessarias,
209 418 244 474 et
265 420 457 491 opportunas
478 431 534 491 pro
556 414 738 474 immediato
753 415 916 492 spirituali
937 434 990 475 re·

27 511 140 589 gimine
155 508 313 587 portionis
328 507 567 568 dismembratae
580 526 598 568 a
609 508 740 569 dioecesi
752 511 988 585 Aurelianensi,

29 609 63 664 et
86 604 124 663 ab
145 603 215 661 eius
235 601 378 678 episcopo
402 601 602 679 repudiatae:
625 603 856 680 archiepiscopo
883 607 990 664 autem

27 694 226 774 Lugdunensi
254 693 420 754 confirmet
445 693 614 754 facultates
635 694 698 754 iarn
719 695 749 753 ei
768 695 905 757 tributas
927 714 985 774 pro

28 789 156 850 dioecesi
176 788 469 865 Augustodunensi,
492 786 583 847 iuxta
603 787 731 848 litteras
752 789 927 850 Oardinalis
948 791 987 851 de

29 883 223 944 remeante
252 880 407 958 2Aprilis
430 881 506 942 1791
529 880 566 941 ad
590 881 734 940 Viearios
756 882 905 943 dioecesis
925 886 991 944 Au·

30 972 267 1054 gustodnnensis
282 973 338 1052 (l).

83 1072 114 1132 2.
130 1070 265 1131 Easdem
287 1068 455 1130 facultates
476 1067 642 1140 concessit,
658 1074 691 1129 et
712 1071 854 1132 concedit
874 1073 912 1131 ad
934 1090 992 1132 an·
1078 1051 1084 1069 ¹

31 1184 97 1226 num
118 1162 352 1239 archiepiscopo
383 1163 585 1239 Lugdunensi
605 1181 662 1239 pro
683 1164 742 1225 illa
763 1165 912 1225 dioecesis
933 1168 992 1226 Se·

31 1258 169 1318 nonensis
191 1259 293 1333 parte,
309 1273 388 1333 quae
410 1257 590 1317 Conventus
611 1258 780 1319 rationalis
802 1261 926 1319 decreto
941 1260 991 1320 di·

31 1351 123 1411 vulsa'
136 1352 199 1422 est,
216 1353 250 1408 et
269 1367 289 1408 a
309 1348 515 1425 Metropolita
535 1349 705 1411 Senonensi
726 1351 903 1429 repudiata.

83 1446 112 1504 3.
129 1443 265 1508 Easdem
287 1441 454 1502 facultates
475 1441 641 1515 concessit,
657 1446 691 1502 et
711 1443 854 1503 concedit
874 1447 912 1505 ad
934 1464 990 1505 an-

35 1557 97 1597 num
111 1535 275 1615 Episcopis
296 1535 524 1613 antiquioribus
544 1538 694 1615 cuiusque
714 1537 914 1616 provinciae,
935 1540 991 1617 qui

38 1633 238 1692 iuramentum
250 1629 394 1691 civicum
409 1650 469 1690 non
491 1633 735 1708 praestiterunt,
751 1631 778 1691 sl
799 1634 902 1693 sedem
923 1635 991 1694 Me·

39 1728 255 1806 tropolitanam
275 1717 388 1787 vacare
402 1726 585 1804 contigerit,
601 1733 634 1788 et
648 1728 827 1805 Capitulum
844 1747 904 1788 non
918 1746 991 1806 pos-

39 1825 75 1883 sit
88 1821 242 1884 vicarium
266 1820 471 1898 capitularem
494 1821 624 1898 eligerc3
640 1821 667 1881 si
688 1826 794 1881 autem
814 1821 896 1881 forte
918 1840 992 1881 oon-

36 1917 156 1994 tigerit,
173 1916 253 1993 quod
275 1917 356 1974 Deus
377 1917 526 1988 avertat,
548 1915 691 1991 quemvis
712 1916 810 1975 alium
831 1917 991 1993 Metropo-

37 2009 538 2086 litonum,praeterSenonensem‚
548 2009 834 2085 praevaricatorem
842 2010 989 2084 evadere,

40 2106 69 2164 ob
85 2104 297 2164 iuramentum
311 2101 446 2160 civicum
466 2120 544 2179 pure
565 2106 598 2162 et
619 2099 808 2182 simpliciter
827 2105 987 2178 emissum,
1104 2140 1108 2150 ·

42 2201 218 2274 eundemque
248 2196 298 2255 vel
322 2196 473 2274 suspendi
495 2197 533 2256 ab
555 2197 709 2270 exercitio
737 2198 988 2272 iurisdietiouiS,

39 2292 79 2350 vel
98 2288 381 2362 excommunicari,
397 2278 521 2350 curabit
541 2290 648 2351 eadem
667 2291 827 2352 Sanctitas
849 2293 913 2352 Sua
933 2310 988 2370 op-

37 2385 169 2458 portunis
189 2388 223 2444 et
245 2382 430 2443 necessariis
443 2383 649 2445 facultatibus
662 2385 833 2460 instruere,
849 2403 940 2464 quem
954 2387 989 2445 in

37 2479 156 2539 Domino
177 2477 278 2554 magis
299 2477 446 2536 idoneum
466 2479 677 2555 reputaverit.

86 2576 114 2633 l.
131 2571 293 2645 Decrevit,
308 2591 327 2632 a
349 2571 536 2649 supradictis
551 2573 784 2649 archiepiscopo
802 2573 992 2649 Lugdunen-

38 2665 68 2739 si,
81 2665 311 2744 archiepiscopo
332 2665 523 2740 parisiensi,
539 2669 573 2726 et
586 2665 816 2743 antiquioribus
837 2666 992 2744 episcopis

39 2758 172 2837 cuiusque
194 2759 375 2836 provinciae
400 2758 490 2837 regni
512 2759 688 2819 Galliarum
709 2759 787 2835 eligi
802 2759 913 2818 debere
936 2759 992 2820 Vi-

38 2858 136 2933 carios,
152 2858 207 2936 qni
229 2858 260 2916 in
283 2856 374 2930 loeis,
389 2859 427 2917 de
448 2856 559 2934 quibus
580 2857 700 2933 agitur,
716 2855 928 2934 personaliter
941 2874 992 2916 re-

40 2950 161 3026 uideant,
177 2971 237 3012 non
252 2951 398 3012 abdicata
419 2954 524 3013 tamen
539 2950 578 3011 ab
599 2949 710 3010 iisdem
725 2949 924 3028 praesulibus
938 2951 992 3009 de-

39 3047 210 3118 putantibus
224 3044 456 3120 iurisdictione,
467 3061 558 3122 quam
570 3043 653 3103 idem
665 3045 890 3104 Sanctissimus
903 3047 991 3104 modo

41 3138 76 3198 eis
94 3140 219 3218 delegat
240 3139 278 3200 ad
301 3156 427 3199 annum.

90 3233 118 3293 5.
135 3233 360 3296 Sanctissimus
380 3232 596 3311 significavit,
616 3249 647 3292 se
662 3231 864 3309 provisurum
886 3247 991 3291 neces-

43 3326 113 3390 saria
125 3328 207 3389 sedis
222 3329 411 3406 apostolieae
425 3327 634 3406 delegatione,
645 3325 673 3386 si
686 3328 824 3402 quatuor
834 3325 884 3384 illi
900 3343 992 3402 prae-

44 3419 135 3496 sules,
158 3421 212 3500 qui
233 3421 444 3483 iuramentum
467 3421 600 3482 civicum
622 3437 723 3498 pure,
749 3422 783 3478 et
802 3417 992 3495 simpliciter

95 3535 126 3588 (1)
143 3533 202 3582 vic.
222 3546 280 3592 pag.
300 3534 354 3581 185.
431 3564 435 3586 t

127 3636 185 3688 Vol.
203 3637 229 3687 Ῑ.
869 3638 898 3683 15
