2456 4192
42 293 92 351 tes
109 290 326 369 Apostolicam
347 291 599 351 Benedictionem
628 306 667 349 ex
694 287 807 349 intimo
835 289 928 349 corde
954 291 1010 350 de-

41 390 219 463 promptam
240 388 444 463 peramanter
465 385 679 462 impertimur.

100 483 218 541 Datnm
239 481 357 540 Romae
378 481 459 556 apud
474 481 623 541 Sanctam
637 477 771 540 Mariam
784 477 937 540 Maiorem
951 479 1009 540 aab

42 574 165 634 Annulo
189 571 377 646 Piscatoris,
394 572 444 632 die
465 571 785 634 x.1n1iiMDcoxu.
802 572 1010 635 Pontificatna

44 666 149 728 Nostri
171 668 266 726 Anno
279 666 366 726 XVI.

531 757 636 829 PIUS,
652 757 706 834 qni
721 773 815 835 supra
830 755 883 836 (*).

462 935 576 992 vul.

356 1055 549 1100 mnarum
570 1055 692 1100 raanan

317 1170 464 1234 IOANNI
500 1169 732 1234 FRANOISOO

349 1305 507 1384 Episcopo
540 1304 703 1365 Leuconoe·

251 1450 425 1532 PIUS
479 1450 673 1529 PAPA
727 1450 795 1528 VI.

156 1635 248 1692 ven.
268 1632 403 1702 Frater,
419 1632 571 1689 salutem
592 1633 629 1689 et
648 1627 887 1700 apostoncam

374 1721 671 1782 Benedictionem.

100 1856 193 1929 Mula,
207 1873 287 1932 quae
303 1853 498 1915 Gallicanam
513 1854 703 1932 perturbant
715 1853 900 1926 Ecclesiam,
912 1871 1006 1931 quaa-

45 1965 99 2024 qne
124 1948 249 2009 acriora
280 1949 312 2007 in
335 1947 402 2007 dies
433 1947 634 2008 Fraternitas
657 1950 726 2008 Tua
747 1945 967 2024 pertimescit,
989 1965 1006 2007 e

44 2039 172 2100 Litteris
194 2041 272 2101 Tuis
300 2039 363 2100 diei
385 2041 425 2102 28
451 2039 534 2101 Iunii
556 2040 742 2118 accepimus.
768 2041 832 2099 Tot
852 2055 947 2098 ansus
968 2038 1006 2100 ad

45 2128 243 2194 evertendam
265 2133 297 2192 iu
326 2133 545 2210 potentissimo
573 2135 683 2211 Regno
704 2133 921 2207 catholicam,
942 2149 1004 2210 qua

42 2226 203 2289 nitebatur
224 2245 260 2289 ac
282 2226 435 2306 fulgebat,
452 2225 650 2306 Religionem
671 2226 846 2305 excogitati
866 2227 933 2288 Noa
946 2223 1004 2284 mi-

100 2349 133 2406 (⁸)
150 2339 231 2414 Dip'b
246 2349 358 2408 Augusti
375 2351 437 2398 lrao
456 2348 588 2409 respondit
606 2347 835 2408 Arohleplaoopua,
854 2347 965 2396 otimulin
982 2348 1009 2395 et

41 2424 204 2472 maiiannonto
221 2437 249 2472 ee
264 2423 367 2471 minime
382 2423 511 2486 indigere,
528 2425 559 2471 nt
575 2437 606 2473 ea
620 2423 706 2472 omnia
727 2425 873 2482 perageret,
892 2435 958 2482 qnae
974 2419 1008 2469 ad

42 2502 202 2560 Religionem,
222 2513 252 2549 ao
267 2501 397 2548 Ecclesiae
413 2502 479 2559 iura,
491 2503 517 2548 et
535 2499 568 2548 ad
584 2501 714 2548 Summum
733 2500 882 2548 Pontifloem
898 2499 1008 2559 pertinc-

44 2580 101 2623 rent.
118 2572 264 2638 Difficiliu
273 2587 339 2624 rone
348 2581 414 2624 auct
425 2581 553 2638 temporo,
564 2575 665 2624 dicebat
680 2575 732 2633 illo,
748 2572 794 2622 aad
808 2572 865 2636 ipae
880 2571 953 2622 nihii
962 2586 1007 2622 ne·

46 2653 150 2716 stipam,
168 2661 201 2702 ut
216 2652 279 2702 meir
296 2652 398 2718 officiii
416 2653 539 2703 omuibm
556 2652 721 2702 coniunctim
738 2659 763 2700 ct
779 2652 915 2700 cumulate
930 2650 1006 2700 rotis·

40 2727 147 2791 sadoc.
172 2732 266 2789 Ignota
281 2732 321 2778 eat
337 2745 434 2789 cansa,
453 2744 500 2780 onr
515 2733 623 2790 uterque
638 2730 852 2790 Arebiepieoopua
866 2741 920 2776 non
935 2728 1006 2776 illico

41 2805 242 2864 patefaciendum
254 2808 384 2854 curaverit
393 2806 573 2855 confratribus
583 2805 645 2863 ania,
658 2805 742 2864 qualia
750 2806 776 2852 et
785 2817 862 2862 quam
871 2803 1007 2862 perspicua

42 2886 103 2931 tract
118 2881 252 2930 Pontiflois
268 2883 364 2929 Summi
375 2884 503 2931 sententia
514 2894 592 2942 anper
605 2881 675 2929 hisco
686 2879 808 2937 Decretis,
820 2891 850 2926 eo
861 2879 905 2928 vel
913 2878 1004 2938 magia,

43 2960 97 3017 qnia
110 2957 264 3007 Pontifioiae
279 2957 393 3005 Litterae
410 2957 443 3005 ad
459 2958 595 3016 utrumqne
612 2955 689 3004 datae
705 2957 769 3003 aatia
784 2954 929 3002 luculenter
943 2965 1005 3013 prae

42 3046 67 3080 aa
81 3034 207 3088 terebant,
220 3028 402 3079 advocandam
419 3027 502 3078 Nobis
520 3043 573 3080 eaeo
590 3043 663 3092 opem
677 3026 731 3077 V‘V.
743 3025 872 3076 Fratrum
888 3026 1003 3090 Episco-

38 3123 138 3172 poram.
156 3111 192 3156 At
208 3120 381 3168 quaecumque
397 3108 498 3156 demum
515 3120 593 3156 cauea
608 3105 696 3163 inerit,
709 3117 773 3164 quae
789 3106 858 3152 certe
867 3103 1006 3164 repetenda

42 3196 174 3244 numquam
190 3183 240 3230 erit
255 3196 287 3230 ex
303 3197 393 3243 parum
416 3185 520 3232 incenso
537 3183 566 3231 in
581 3181 738 3239 Religionem
755 3179 855 3238 utubi03
873 3179 921 3226 hoo
936 3179 1005 3226 onim

42 3263 141 3321 uterque
157 3258 301 3318 flagrabat,
318 3272 387 3306 nunc
405 3272 462 3306 cnm
477 3261 541 3306 haec
557 3257 722 3305 monumenta
738 3255 863 3316 prodeunt
873 3255 901 3303 in
912 3255 1002 3312 lucem,

42 3339 141 3396 quilibet
157 3335 276 3384 confiteri
292 3333 407 3392 debebit,
426 3335 574 3382 Pontificem
586 3334 739 3392 tempeative
754 3333 890 3390 locutum,¹
899 3329 1004 3389 unaque

43 3425 125 3462 aennna
140 3424 220 3471 anper
236 3409 308 3458 civili
326 3410 392 3458 (ilari
409 3409 595 3458 constitutione
611 3408 690 3456 aemel
708 3409 761 3456 iam
776 3407 910 3470 panditor,
927 3417 1006 3455 num·

47 3501 112 3548 uuam
126 3489 211 3540 rubeae
229 3486 374 3536 diammilea.
394 3482 713 3547 (Not.Edii.ou.1800.)
777 3495 780 3502 ’
