2386 4194
622 211 661 224 ..
684 177 742 238 104
763 211 802 224 -
1189 223 1190 226 ,

233 284 393 344 »dubitet
421 285 485 344 Vos
511 283 670 345 immundo
698 284 816 362 spirltu
843 285 985 364 agitari,
1015 285 1085 344 dum
1112 284 1179 354 hoc,

232 381 345 456 »qnod
367 397 423 456 per
443 377 599 456 Spiritum
618 382 760 440 sanctum
783 379 962 457 prolatum,
985 386 1078 460 atque
1098 383 1182 444 insti·

233 476 371 531 »tntum
392 474 453 546 est,
468 471 498 530 id
519 476 570 533 est
591 489 680 532 usum
694 470 850 550 psallendi
864 473 897 532 in
912 474 947 533 S.
962 473 1102 535 Ecclesia
1114 476 1181 536 abii·

233 565 360 638 scitis,
381 569 415 626 et
435 565 523 642 qussi
543 566 796 644 superstitiosum
823 568 926 628 errori
946 569 1068 629 cultum
1089 569 1190 647 impu-i

233 659 365 722 »talisi
387 659 530 737 Sumpsit
557 677 632 738 ergo
652 661 733 720 hanc
753 659 934 721 modulandi
959 661 1092 722 formam
1111 665 1182 724 Ordo

233 751 506 815 »Ecclesiasticus
526 771 586 812 non
608 770 648 812 ex
668 753 799 814 ludicris
820 757 877 814 ant
889 754 1081 816 iocularibus
1094 757 1183 835 inspe-

234 848 476 923 ›ctotionibus,
495 851 549 908 sed
569 867 610 909 ex
630 847 752 909 vetoris
771 851 806 909 et
826 849 898 910 novi
920 851 1115 912 Testamenti
1135 854 1183 912 Pa·

234 941 381 1002 utribus.
393 986 401 1002 .
414 985 442 1001 ..
465 942 545 1001 nude
563 944 689 1002 constat
707 960 761 1002 eos
782 945 821 1002 de
842 942 962 1020 gremio
982 945 1017 1004 S.
1040 945 1181 1006 Ecclesiae

234 1036 540 1110 »exterminandos,
562 1037 617 1114 qui
644 1036 702 1096 hoc
723 1037 877 1114 psallendi
899 1036 1034 1099 offieIum
1054 1038 1181 1100 iudicant

234 1148 460 1208 »nequaquam
488 1131 527 1190 ad
555 1129 677 1191 cultum
702 1131 844 1191 divinum
865 1131 1076 1208 pertinere...
1102 1136 1180 1194 Petet

233 1223 370 1302 »igitur
390 1226 472 1288 tales
492 1243 512 1285 a
532 1222 635 1301 capito
657 1240 731 1296 suo,
758 1222 790 1281 id
811 1227 879 1296 est,
904 1222 1027 1294 diabolo
1046 1243 1106 1285 non
1127 1226 1178 1284 dis·

233 1337 252 1380 r
267 1319 402 1396 sentire,
417 1320 470 1398 qui
491 1324 542 1380 est
561 1323 656 1397 caput
669 1318 806 1379 omnium
820 1317 1017 1396 iniquorum,
1032 1321 1087 1397 qui
1101 1323 1176 1381 etian

234 1412 465 1492 ›Scripturam
486 1431 608 1476 sacram
630 1411 831 1491 intelligens,
852 1411 983 1475 sinistra
1003 1431 1073 1474 eam
1099 1415 1172 1475 intes

235 1507 446 1582 »pretatione
467 1510 652 1586 pervertere
673 1505 845 1566 molitur.»
859 1507 1009 1580 Densum,
1033 1507 1060 1566 si
1082 1495 1190 1570 Donu'

233 1599 291 1662 nei
313 1600 423 1674 decor,
439 1605 473 1662 et
492 1602 597 1661 cultus
617 1600 650 1660 in
671 1599 733 1661 isto
749 1601 859 1678 Regno
872 1600 1078 1676 prolabatur,
1094 1620 1177 1662 neces·

234 1693 318 1754 sario
338 1697 564 1773 consequetur,
580 1698 617 1755 nt
636 1693 927 1756 EcclesIustieorum
950 1713 1100 1756 numerus
1119 1695 1190 1772 delii

231 1787 319 1862 ciat,
341 1787 481 1867 illudque
502 1788 684 1867 contingat,
706 1790 787 1866 quod
808 1788 843 1848 S.
863 1788 1060 1865 Augustinus
1084 1788 1127 1868 (1)
1140 1807 1178 1848 re·

233 1881 298 1942 fert
312 1880 460 1942 recidisse
475 1881 662 1943 Iudaeorum
676 1881 775 1960 genti:
792 1877 902 1948 «Quae
917 1889 1082 1959 postquam
1097 1881 1177 1957 eoepit

234 1991 328 2035 »non
349 1974 465 2036 hebere
485 1976 673 2055 prophetas,
696 1973 805 2053 procul
833 1973 926 2034 dubio
952 1974 1094 2035 deterior
1114 1973 1177 2034 facin

235 2070 334 2140 aest,
348 2086 385 2128 eo
405 2068 526 2130 scillcet
547 2073 702 2148 tempore,
718 2088 778 2148 quo
799 2068 949 2147 sperabat
969 2068 1109 2131 futuram
1128 2087 1176 2129 esse

234 2161 471 2224 meliorem.»

294 2257 453 2333 Inceptum
474 2255 536 2318 iam
557 2258 780 2335 prosequentes
799 2256 896 2330 riam,
913 2258 1045 2335 gradum
1060 2257 1173 2332 adipso

235 2349 409 2426 Regulares
430 2348 580 2426 iacimus,
603 2368 736 2429 quorum
756 2351 836 2411 bona
858 2349 918 2410 sibi
938 2352 1116 2412 conventus
1132 2349 1175 2410 Ns·

234 2441 362 2503 tioualis
382 2443 567 2522 arrogavit,
589 2444 692 2504 minus
713 2442 854 2506 odiosum
883 2447 987 2505 tamen
1009 2447 1174 2521 praeterens

234 2532 386 2611 titulum,
402 2539 438 2596 nt
459 2535 581 2596 scilicet
602 2553 710 2596 eorum
731 2535 887 2598 fructibus
909 2537 958 2596 uti
979 2539 1101 2613 posset:
1113 2531 1190 2611 quod³

234 2627 340 2708 reipsa
360 2629 547 2707 quantulum
575 2647 595 2690 a
615 2647 693 2689 vera
712 2628 812 2690 distat
831 2629 963 2689 dominii
984 2623 1176 2707 proprietate!

234 2722 270 2782 Si
295 2723 438 2801 qnidam,
460 2722 545 2783 edito
574 2721 624 2781 die
647 2722 686 2782 13
706 2721 783 2781 Feb.
801 2721 881 2783 1790
901 2723 1048 2795 decreto,
1068 2738 1103 2781 ac
1122 2720 1176 2797 post

234 2832 291 2877 sex
311 2816 377 2876 dies
397 2815 487 2893 regia
506 2813 666 2875 sanctione
686 2813 890 2888 confirmato,
908 2831 1074 2892 suppressa
1092 2809 1175 2872 omnia

233 2907 365 2970 fuerunt
384 2908 590 2987 Regularium
612 2907 782 2992 instituta,
806 2907 1002 2985 vetitumque
1023 2906 1132 2977 etiam,
1150 2919 1174 2959 ne

236 3002 303 3064 ulla
321 3002 386 3064 alia
405 3001 438 3062 in
452 3005 613 3080 posterum
626 3001 884 3063 admitterentur.
899 3004 945 3062 At
959 3018 1034 3062 raro
1047 3001 1174 3076 quantun

234 3094 292 3157 illa
313 3095 469 3157 Ecclesiae
491 3095 666 3157 utilitatem
686 3093 839 3170 afferant,
855 3112 895 3154 ex
915 3093 984 3172 ipsa
1003 3091 1175 3151 deducItex·

235 3188 392 3266 perientia
412 3188 586 3252 Concilium
607 3188 829 3250 Tridentiuum
849 3186 907 3268 (2):
930 3185 1105 3254 «Quoniam
1128 3199 1173 3242 nor

297 3341 333 3395 tl)
350 3340 387 3387 De
403 3339 475 3388 otvlt.
485 3340 541 3394 Dei.
558 3337 603 3386 lib.
614 3339 709 3395 XVIII,
721 3351 778 3398 esp.
789 3339 867 3395 XLV,
879 3349 949 3386 num.
961 3338 984 3394 1,
996 3337 1055 3383 tem.
1068 3334 1110 3388 vl,
1119 3339 1172 3389 opst

234 3426 293 3474 pag.
304 3415 359 3472 tat,
377 3413 438 3464 edit.
449 3414 559 3463 nurtn.

299 3493 334 3548 (i)
351 3493 420 3540 Sese.
430 3491 470 3549 tu,
488 3490 520 3539 de
532 3490 642 3550 muniar.
655 3503 710 3551 cap.
723 3491 745 3536 1.
