2374 4196
602 181 782 241 ...374-

352 448 419 518 ΕΧ
440 351 710 519 ΑΠΒΙΕΝΤΙΣ
733 445 1031 518 seuculssim

399 601 527 662 Habita
547 603 601 662 dic
622 601 661 660 11
684 601 864 662 Decembris
885 598 984 660 1791.

272 753 349 812 (lum
370 770 410 812 ex
431 758 522 831 parte
543 756 584 815 R.
600 757 636 813 P.
653 755 777 815 Ioannis
791 754 957 830 Baptistae
978 754 1098 814 Ordinis
1110 755 1151 814 (ln-

214 845 436 922 puccinorum,
460 846 593 907 actualis
614 847 787 908 Gnardiani
814 850 996 908 Conventus
1021 847 1153 922 Burdiga·

214 938 311 998 lensis
331 941 363 997 in
386 940 513 1014 Gallia,
543 941 667 1001 nomine
694 942 790 1002 etiam
811 942 948 1001 aliorum
971 942 1112 1001 Fratrum
1129 939 1150 996 in

215 1033 322 1092 eodem
337 1038 494 1094 conventu
516 1053 590 1094 sune
611 1035 826 1096 iurisdictioni
847 1034 1059 1094 subiectorum
1079 1051 1153 1109 crpo-

215 1125 310 1186 situm
336 1125 435 1186 fuerit
455 1129 658 1188 Sanctissimo
679 1131 716 1187 D.
732 1130 773 1189 N.
789 1128 847 1188 Pio
868 1130 932 1188 ΡΡ.
950 1130 1012 1202 VI,
1042 1131 1114 1204 quod
1130 1127 1151 1184 in

215 1218 315 1278 tantis
341 1220 520 1296 angustiis,
549 1222 661 1298 quibus
688 1225 723 1281 ut
749 1221 884 1281 maxime
912 1225 1101 1298 compertum
1122 1223 1153 1277 est

214 1313 307 1371 modo
328 1315 499 1402 vexa'ntur,
510 1317 701 1374 auctoritate
715 1313 804 1373 civili
820 1319 954 1390 urgente
968 1315 1152 1390 expulsique

216 1422 275 1480 que
304 1404 435 1465 luerunt
458 1424 475 1464 e
500 1406 627 1482 proprio
652 1407 839 1480 Conventa,
866 1414 900 1467 et
926 1411 1071 1466 errantes
1096 1407 1151 1482 apud

215 1497 359 1573 proprios
372 1500 617 1576 consanguineos
637 1505 694 1560 aut
715 1499 810 1560 etiam
832 1503 913 1578 apud
936 1505 1099 1560 extraneos
1116 1502 1170 1566 le,

215 1589 345 1666 spitium
372 1609 522 1666 quaerere
548 1593 646 1651 coacti
673 1596 769 1665 sunt,
791 1597 1020 1670 proptereaque
1040 1593 1071 1652 in
1090 1592 1153 1650 hisee

216 1699 322 1742 rerum
351 1685 599 1745 circumstantiis
622 1685 790 1744 nonnullas
811 1686 1036 1746 facultateset
1055 1685 1155 1744 indulta

216 1776 460 1851 postulaverint,
474 1779 633 1839 Sanctitas
647 1780 711 1838 Sua
722 1781 760 1838 ad
773 1780 957 1839 relationem
970 1782 1010 1840 R.
1026 1781 1061 1838 P.
1071 1781 1101 1838 D.
1109 1779 1155 1836 du·

216 1868 404 1946 chiepiscopi
429 1872 603 1931 Adanensis
618 1873 651 1932 S.
668 1871 929 1950 congregationis
948 1872 988 1930 de
1001 1873 1154 1948 Propagan-

216 1961 255 2020 da
270 1962 348 2022 Fide
369 1963 554 2036 secretarii,
569 1964 667 2024 eidem
684 1967 811 2026 Oratori
826 1964 959 2040 aliisque
970 1964 1033 2024 sibi
1046 1965 1075 2022 in
1088 1980 1155 2040 prae·

216 2053 301 2113 dicto
316 2056 478 2115 Conventu
494 2056 643 2117 subiectis
654 2059 834 2131 Fratribus,
847 2058 1012 2118 dummodo
1026 2057 1154 2116 iuramen-

216 2150 284 2208 tum
304 2149 440 2209 civicum
463 2167 521 2208 nou
537 2150 715 2224 emiserint,
731 2157 765 2212 et
779 2151 835 2212 sub
850 2151 1030 2212 obedientia
1043 2146 1149 2227 legitimi

215 2245 450 2323 Archiepiscopi
464 2246 701 2322 Burdigalensis
724 2247 848 2320 vivant,
865 2250 1032 2324 sequentes
1050 2245 1148 2307 iaculis

218 2341 268 2398 tes
281 2342 315 2398 et
329 2339 454 2399 indulta
468 2338 599 2416 benigne
614 2340 776 2400 concessit.
1170 2399 1171 2418 ,

278 2432 306 2492 l.
329 2431 499 2508 Equitandi
521 2433 552 2490 in
575 2432 707 2505 itinere,
722 2439 815 2510 atque
833 2434 941 2493 utendi
962 2427 1145 2493 calceameutis

216 2529 251 2585 et
264 2524 375 2601 pannis
389 2524 495 2595 lineis,
512 2528 607 2600 prout
621 2527 788 2586 necessitas
804 2526 1028 2602 postulaverit3
1044 2545 1094 2586 nec
1109 2539 1149 2580 nou

217 2618 377 2678 deferendi
392 2620 538 2694 pecunias
551 2637 665 2695 easque
681 2619 853 2696 recipiendi
867 2625 901 2680 et
915 2619 1102 2696 expendendi
1113 2632 1153 2693 pro

218 2709 282 2772 suis
303 2708 462 2788 religiosis
477 2711 681 2788 indigentiis,
698 2731 733 2772 ac
757 2713 863 2772 usibus
877 2713 979 2773 licitis
999 2719 1033 2773 et
1046 2727 1153 2772 necesse

216 2806 287 2877 riis,
305 2804 395 2863 salvo
411 2821 533 2881 semper
547 2814 623 2864 voto
641 2805 806 2882 religiosae
822 2806 1028 2883 paupertatis.

277 2901 308 2960 2.
330 2899 479 2975 diligendi
502 2898 560 2958 sibi
581 2917 805 2976 quemcumque
827 2901 895 2959 siue
909 2901 1095 2960 saecularem
1107 2898 1157 2956 sire

216 2992 395 3071 regularem
408 2991 631 3051 confessarium
644 2991 878 3069 presbyterum,
890 3011 909 3053 a
923 2992 1066 3069 legitimo
1076 2997 1155 3052 tenen

215 3084 383 3146 Ordinario
397 3084 430 3144 in
446 3083 592 3158 dioecesi,
609 3084 642 3143 in
665 3102 726 3160 qua
740 3091 985 3158 commorantur,
1001 3087 1038 3146 ad
1053 3083 1156 3146 audien·

218 3179 274 3238 das
288 3177 499 3238 confessiones
520 3177 736 3254 approbatum.

276 3273 306 3330 3.
320 3273 355 3330 In
368 3271 554 3331 recitatione
569 3271 670 3331 divini
684 3270 785 3331 Officii
801 3277 835 3333 et
849 3274 881 3333 S.
896 3273 1011 3334 Missae
1025 3267 1155 3333 sacrificiu

219 3363 328 3424 utendi
349 3363 522 3438 breviario,
539 3363 660 3423 missali
681 3367 715 3424 et
735 3364 915 3426 calendario
929 3365 1079 3426 communi
1093 3362 1155 3422 diue·

216 3456 310 3531 cesis,
327 3456 379 3516 ubi
394 3457 511 3519 morari
525 3457 706 3535 contigerit.
