2372 4198
603 207 782 265 -318-

211 309 452 373 stitutionalem‘
462 312 646 384 Ecclesium,
662 330 709 382 re,
724 311 862 388 legibus,
886 315 919 372 et
941 311 1065 370 nomine
1090 313 1162 370 ale

211 425 247 467 sn
267 406 386 468 (ihristi
400 405 541 465 Ecclesia
561 405 730 476 diversam,
747 407 880 481 dumque
905 423 999 464 manu
1019 424 1076 464 sua
1093 405 1162 463 schi-

212 500 306 559 smati
326 498 512 560 latissimam
535 498 651 559 sternit
672 497 768 558 viam.
792 500 876 566 Quod
894 503 931 558 nt
954 517 970 557 e
991 498 1095 558 medio
1115 499 1163 556 tol·

161 593 162 596 ’
210 593 316 666 latur,
332 592 400 652 iure
422 611 457 652 ae
479 593 593 652 merito
613 593 651 650 ad
674 595 813 653 sanctam
835 592 916 651 hano
937 591 1051 652 Sedem
1073 591 1162 650 cont·

212 681 357 764 giendum
372 690 453 758 erat,
472 690 583 764 utpote
598 705 676 764 quae
692 686 810 746 iniuria
824 687 1014 764 praesertim
1030 685 1162 756 afficitur,

212 798 348 857 quaeque
370 784 579 858 opportunum
600 781 695 841 etiam
718 785 821 858 potest
840 781 990 840 adhibere
1014 780 1163 856 indulgen·

214 876 277 936 tiae
300 877 439 947 modum,
463 893 522 934 non
545 874 637 934 facile
664 876 870 952 ordinateque
892 875 1102 944 servandum,
1123 871 1163 930 nbi

214 969 395 1031 absolvendi
417 969 552 1029 facultas
571 969 743 1030 multorum
765 969 1009 1045 permitteretur
1031 965 1162 1026 arbitrio.

273 1061 401 1124 Minime
422 1066 507 1122 certe
528 1079 583 1121 vos
605 1063 704 1136 latet,
730 1081 800 1124 ven.
824 1064 971 1135 Fratres,
992 1063 1113 1136 quanta
1129 1076 1163 1116 se·

213 1157 351 1217 veritate
365 1173 421 1216 usn
435 1156 480 1215 sit
493 1155 633 1216 Ecclesia
645 1155 796 1215 adversus
811 1154 987 1214 huiusmodi
1001 1171 1088 1213 reos.
1105 1153 1163 1213 Ani·

213 1254 414 1312 madvertens
434 1251 516 1309 enim
540 1251 570 1310 id
586 1252 665 1326 quod
688 1250 858 1311 intercedit
872 1248 1040 1309 discrimen
1065 1247 1162 1308 eosic·

214 1350 276 1419 ter,
293 1346 345 1422 qni
361 1362 416 1404 suo
431 1343 605 1404 infortunio
627 1347 772 1420 parentes
787 1342 963 1404 haereticos
983 1341 1156 1407 habuerunt

214 1443 248 1499 et
278 1439 362 1498 inter
383 1456 452 1508 eos,
480 1437 533 1514 qui
560 1455 577 1495 e
606 1437 789 1514 parentibus
820 1435 983 1496 catholicis
1019 1433 1159 1514 progeniti

214 1535 323 1609 sponte
345 1549 400 1590 sua
423 1532 461 1590 ad
484 1530 716 1590 haereticorum
745 1535 850 1608 partes
872 1531 1159 1606 transgrediuntur,

214 1627 310 1686 aliter
330 1625 442 1697 iactos,
462 1624 558 1685 aliter
580 1628 669 1684 natos
690 1625 863 1693 haereticos
885 1629 979 1701 atque
1002 1621 1162 1684 schismati·

214 1739 265 1781 cos
286 1737 407 1797 semper
428 1719 599 1791 tractavit,
621 1721 652 1778 in
675 1719 746 1779 illos
774 1719 865 1796 longe
886 1717 1045 1795 rigidior,
1070 1720 1161 1793 utpote

190 1816 307 1893 ‘longe
340 1814 468 1892 gravius
499 1830 582 1874 reos.
604 1813 663 1872 Hie
690 1812 802 1891 agendi
829 1813 920 1889 rigor
951 1812 1057 1872 multo
1082 1811 1159 1871 etiam

215 1907 314 1984 magis
328 1905 488 1967 adhibitus
503 1909 552 1964 est
573 1905 603 1962 in
619 1905 853 1965 Ecclesiasticus
868 1903 971 1976 viros,
986 1903 1038 1964 ita
1051 1909 1089 1964 ut
1101 1903 1160 1962 seia·

215 2018 283 2060 mus
304 1994 551 2075 adversus'ipsos
572 2000 729 2060 adhibitas
750 1999 845 2058 fuisse
861 1997 979 2070 minas3
997 2001 1036 2058 ut
1057 1996 1159 2072 siquis

213 2096 322 2155 studio
343 2095 386 2153 ad
406 2093 604 2154 haereticum
625 2095 719 2164 ierit,
744 2101 775 2153 et
794 2094 970 2168 susceperit
995 2091 1158 2150 ordinatio·

213 2205 297 2259 nem,
315 2190 385 2247 sine
406 2173 584 2262 receptione
605 2189 648 2246 sit
663 2185 717 2264 (1).
1028 2254 1032 2263 ‚

274 2282 362 2339 Hunc
376 2280 532 2340 Ecclesiae
553 2280 665 2357 agendi
679 2279 816 2356 rigorem
832 2282 1059 2338 commemorat
1080 2279 1108 2338 S.
1118 2277 1147 2334 l·

215 2373 377 2433 nocentius
398 2375 425 2432 I.
449 2373 596 2432 Scribens
616 2373 700 2430 enim
730 2375 767 2432 ad
790 2370 929 2442 Rufum,
952 2373 986 2430 et
1013 2371 1093 2431 alios
1108 2368 1145 2430 lla·

215 2467 361 2527 codoniae
383 2465 540 2542 episcopos
561 2465 690 2539 docuit,
714 2465 906 2543 episcopum,
934 2468 991 2524 aut
1013 2465 1148 2524 clerium.

214 2561 246 2620 in
262 2559 395 2632 haeresi,
412 2561 468 2619 eut
489 2557 655 2618 schismata
671 2557 864 2630 ordinatum,
880 2556 981 2616 souin
997 2556 1080 2618 illud
1093 2557 1154 2634 post

130 2689 133 2692 -
214 2655 338 2713 modum
350 2653 483 2729 lapsum,
496 2650 577 2712 laica
588 2655 711 2712 tantum
724 2649 935 2710 communione
948 2653 1096 2734 gaudere,
1105 2650 1155 2708 inr-

214 2751 249 2808 ta
269 2756 389 2808 veteres
409 2748 549 2823 repetes,
573 2763 655 2822 quos
676 2747 714 2805 ob
736 2747 902 2821 apostolis,
919 2748 971 2804 vel
992 2743 1154 2822 apostolicis

213 2844 297 2900 viris
310 2841 453 2900 traditos
465 2839 612 2900 Ecclesia
622 2840 774 2898 Romano
793 2838 933 2898 custodit
944 2836 1001 2916 (2).
1016 2840 1059 2898 Et
1069 2851 1155 2914 qnan-
1179 2845 1180 2848 ’

213 2935 263 2994 vis
291 2952 310 2994 a
337 2934 486 2994 Patribus
513 2931 646 2992 Concilii
673 2932 805 2994 Nicaeni
830 2932 844 2990 I
865 2930 1155 3008 quidam-adhibitus

273 3128 309 3184 (1)
326 3126 411 3175 Verba
426 3127 487 3174 sunt
502 3125 664 3175 constantini
675 3126 826 3186 cypriorum
844 3125 1021 3184 metropolitae
1030 3126 1058 3174 in
1068 3121 1154 3172 Aetione

210 3207 293 3266 prima
303 3207 400 3266 Synodi
409 3209 466 3254 VII.
479 3207 611 3265 generalis,
623 3207 697 3254 relat.
710 3207 836 3254 aLabbeo
846 3207 874 3254 in
884 3207 982 3256 noviss.
995 3205 1095 3255 Golleot.
1107 3204 1155 3252 cou-

211 3283 253 3330 cil.
265 3283 370 3329 Antonii
379 3284 453 3328 zotta
461 3285 522 3328 tom.
534 3283 591 3327 XII.
603 3281 651 3328 col.
665 3283 734 3328 1048.
744 3283 802 3340 post
812 3281 850 3328 lit.
863 3282 891 3330 0.

275 3359 310 3413 (2)
320 3359 401 3416 Epist.
413 3359 492 3404 xxm.
504 3357 537 3403 ad
545 3357 648 3412 Rufum,
661 3357 774 3414 aliosque
784 3357 923 3416 Episcopos
932 3356 1092 3404 Macedoniae
1101 3347 1153 3410 opud

211 3433 342 3482 Labbenm
352 3433 394 3480 cit.
404 3433 501 3482 novies.
510 3431 611 3482 Golleet.
620 3431 725 3480 Antonii
734 3433 808 3482 zotta
817 3433 878 3478 tom.
887 3433 935 3480 III.
948 3431 997 3478 eol.
1006 3434 1072 3480 loeo.
1082 3431 1151 3482 steen·

212 3522 282 3560 num.
294 3511 318 3558 4.
330 3511 355 3557 et
365 3511 386 3557 5.
