2372 4198
47 295 154 369 parunt,
167 292 269 353 veluti
292 292 453 370 perspicue
481 291 625 369 exempla
645 309 701 369 per
722 294 754 352 te
782 291 916 352 collecta
937 292 991 351 de·

47 390 217 459 monstrant,
234 391 266 446 et
288 386 388 446 veluti
402 397 441 445 ee
461 387 676 463 comprobant,
692 405 769 464 quae
792 403 890 463 nuper
910 385 990 446 infe·

45 479 87 538 lici
106 479 295 540 Pictaviensi
315 480 440 540 intruso
461 480 644 540 aeciderunt
663 482 720 559 (1).
742 481 868 542 Utinam
890 481 990 539 omni·

45 576 136 647 potens
155 578 238 635 Deus
259 577 312 636 det
334 575 560 635 incrementum
582 594 618 635 ao
639 577 736 636 robur
761 576 887 637 Nostris
910 576 991 637 tuis·

43 684 89 741 qne
108 669 244 743 vocibus,
266 669 377 747 quibus
399 669 521 742 maiori,
547 688 608 746 qua
629 669 699 729 lieri
720 671 831 747 possit,
854 670 989 730 lenitate

43 760 220 835 studuimus,
243 768 277 822 et
296 764 456 826 studemus
478 763 578 823 adhuc
600 763 719 823 lucrari
752 769 896 825 errantes
925 767 989 824 Deo

43 873 86 932 per
104 858 291 919 charitatem
312 857 453 921 Christi!

89 953 213 1013 Gratias
235 952 331 1012 etiam
353 953 525 1012 reddendas
539 951 638 1013 Nobis
659 971 748 1027 quam
766 953 918 1014 maximas
933 972 991 1031 pu·

41 1045 94 1117 tas,
113 1063 146 1104 eo
167 1047 249 1122 quod
271 1045 356 1105 iussn
377 1045 494 1105 Nostro
516 1046 602 1106 vitae
628 1045 765 1106 subsidia
791 1048 991 1124 suppeditata

41 1135 142 1200 inerint
170 1140 333 1200 nonnullis
360 1139 514 1200 Dioeoesis
543 1143 615 1199 tuae
637 1141 856 1202 ecclesiasticis
884 1142 988 1216 viris,

41 1233 82 1305 qui
101 1234 205 1294 domos
234 1251 305 1293 suas
327 1233 505 1309 relinquere
534 1233 633 1293 eoacti
655 1234 686 1292 in
709 1235 859 1294 Nostrum
887 1235 989 1295 sinum

42 1339 94 1383 sese
114 1328 327 1387 coniecerunt.
344 1327 568 1388 Verumtamen
591 1334 678 1388 certo
691 1328 788 1389 Nobis
809 1347 989 1405 persuasum

41 1433 94 1476 esse
113 1421 204 1494 seito,
221 1436 372 1495 nusquam
395 1418 521 1493 iustius,
538 1439 703 1496 numquam
725 1440 812 1498 posse
826 1422 991 1484 liberalius

43 1513 150 1588 erogari
172 1510 334 1582 subsidia,
360 1530 451 1588 quam
474 1511 504 1570 in
527 1531 600 1586 eos,
626 1512 679 1590 qui
713 1517 842 1591 propter
867 1533 990 1578 eausam

43 1603 142 1665 christi
171 1624 280 1666 rerum
303 1623 429 1664 suarum
458 1605 619 1681 dispendia
639 1607 857 1683 pertulerunt,
877 1609 991 1686 quique

43 1695 69 1752 de
88 1700 210 1760 sedibus
232 1699 297 1759 suis
318 1699 541 1759 contumeliose
556 1702 589 1757 et
610 1698 767 1757 violenter
781 1699 886 1772 eiecti,
903 1718 992 1777 pera-

43 1796 123 1862 grant
143 1793 301 1871 regiones,
317 1799 410 1870 etque
432 1794 516 1852 inter
538 1793 661 1871 ignotos
682 1793 783 1853 vitam
805 1793 894 1869 quasi
915 1794 992 1854 soli-

42 1883 139 1944 tariam
155 1889 272 1965 degere
292 1887 535 1963 compelluntur.
555 1888 655 1947 Causa
675 1885 848 1946 eommunis
862 1890 922 1960 est,
938 1889 991 1947 sed

44 1971 67 2031 in
86 1994 133 2036 eos
155 1980 344 2056 praesertim
376 1978 491 2039 recidit
511 1978 756 2051 detrimentum,
781 1982 814 2038 et
842 1995 993 2038 conversa

43 2071 79 2127 est
97 2074 239 2147 vexatio,
254 2092 332 2150 qnae
352 2075 496 2150 quidem,
523 2072 615 2133 iuxta
635 2076 776 2132 recentes
805 2073 932 2132 nuncios
952 2075 991 2132 ad

41 2159 91 2221 Nos
110 2165 245 2240 delatos,
261 2185 296 2225 eo
317 2166 379 2225 iam
395 2165 496 2237 venit,
513 2171 548 2225 ut
569 2183 609 2224 ex
623 2169 757 2244 utroque
778 2167 870 2228 Glero
884 2165 993 2227 Eccle-

42 2251 145 2316 siastiei
166 2260 246 2318 bene
272 2258 384 2327 multi,
407 2262 441 2317 et
461 2258 560 2336 aliqui
581 2258 677 2318 etiam
705 2277 744 2318 ex
772 2259 992 2320 Confratribus

43 2343 150 2410 Nostris
172 2351 296 2412 fuerint
316 2351 387 2411 odio
409 2351 591 2428 religionis,
612 2356 669 2411 aut
690 2351 721 2411 in
743 2352 871 2412 vincula
892 2353 995 2412 conie-

44 2441 85 2514 cti,
99 2449 154 2506 ant
168 2446 344 2506 crudeliter
359 2448 396 2504 ad
420 2449 555 2505 mortem
574 2445 660 2522 rapti
681 2453 774 2523 atque
795 2447 990 2524 interempti.

46 2531 107 2595 Hinc
128 2558 164 2600 eo
185 2542 250 2601 Nos
264 2541 367 2600 animo
387 2540 573 2616 comparati,
589 2558 649 2617 quo
670 2547 763 2600 erant
777 2540 808 2599 in
831 2540 926 2599 simili
941 2545 994 2600 re-

44 2639 99 2686 lum
119 2637 208 2694 statu
224 2635 337 2694 Patres
357 2633 447 2693 citati
469 2633 603 2694 concilii
623 2633 825 2707 Turonensis,
841 2651 900 2692 non
923 2638 995 2694 tuos

44 2715 196 2788 dumtaxat
212 2727 428 2801 Dioeoesauos,
445 2729 496 2786 sed
513 2727 590 2787 alios
611 2727 705 2786 etiam
721 2725 815 2802 primi
837 2729 870 2785 et
885 2745 993 2786 secun-

42 2809 67 2867 di
85 2820 201 2882 ordinis
232 2821 459 2882 ecclesiasticos
487 2820 574 2879 viros
600 2819 733 2880 aliarum
765 2819 993 2896 gallicanarum

42 2901 234 2988 Dioeoesium,
250 2915 382 2991 benigne
397 2913 584 2990 excepimus,
601 2912 719 2990 iugiter
734 2913 871 2990 prompti
892 2933 927 2973 ao
942 2933 993 2992 pa·

42 3000 106 3075 rati,
122 3011 158 3067 ut
177 3009 328 3085 quantum
349 3007 381 3066 in
402 3005 498 3067 Nobis
519 3011 579 3079 est,
606 3004 782 3082 aperiamus
804 3005 849 3064 eis
870 3005 994 3067 viscera

42 3086 170 3175 rietatis,
186 3103 220 3160 et
242 3101 340 3159 ineos
361 3117 482 3158 omnem
498 3098 718 3176 compassionis
738 3097 931 3158 effundamus
946 3099 994 3159 ai-

43 3177 157 3265 leotum,
173 3193 316 3271 ipsosque
337 3211 406 3252 oum
421 3191 505 3252 omni
520 3191 726 3252 beneficentia
746 3194 779 3251 et
793 3192 897 3269 gratia
911 3211 993 3252 eom-

41 3271 204 3345 plectamur
207 3330 269 3346 .....
287 3286 359 3346 Viri
377 3287 546 3362 prudentes
567 3289 651 3356 sant,
668 3289 702 3344 et
723 3284 823 3346 multa
837 3279 991 3346 commen·

42 3363 149 3438 debiles
168 3379 345 3452 honestate,
361 3396 436 3456 quos
457 3377 605 3438 Dominus
626 3375 734 3456 elegit,
758 3381 917 3456 tamquam
938 3397 992 3439 au-

97 3485 128 3539 (1)
145 3491 203 3551 Peg.
222 3493 252 3540 22
269 3492 295 3540 et
311 3503 379 3552 seqq.
