2456 4192
229 290 330 348 tutem
349 290 453 367 redigi
474 307 554 366 eam,
570 309 648 368 qnae
671 291 795 352 domina
816 305 941 366 semper
959 288 992 350 in
1012 289 1076 348 isto
1094 306 1207 366 reguo

227 382 300 455 init,
322 382 517 450 catholicam
538 385 748 464 Religionem,
768 403 889 463 unaque
911 403 1006 462 opera
1019 387 1218 462 exspoliarit

227 473 400 536 Ecclesiam
421 475 485 536 suis
498 476 598 552 bonis,
613 478 780 554 ministris,
796 482 830 540 et
844 480 978 554 iuribus,
993 499 1073 558 quae
1095 481 1218 559 magis}

229 573 425 646 sacraatque
441 570 883 649 intemerataputandasunt.
1217 595 1218 646 j

290 663 355 724 Vix
380 665 464 724 Tuas
488 663 565 727 istas
588 667 732 729 Litteras
755 666 912 745 legimus,
944 686 1002 728 non
1032 668 1218 746 potuimusi

229 756 372 834 equidem
394 756 501 818 statim
524 778 584 820 non
607 760 802 838 intelligere,
820 760 973 838 planeque
993 780 1208 840 cognoscere,

229 854 381 927 quantum
401 853 557 914 sententia
578 855 648 914 Tua
667 873 686 916 a
706 871 786 931 pura
806 857 840 914 et
860 855 959 928 recta,
975 873 1046 915 cum
1060 857 1206 929 Nostra,

230 947 298 1003 tum
319 942 518 1022 collegarum
539 949 675 1008 Tnorurn
698 947 856 1008 sententia
877 947 1018 1008 dissidet.
1040 950 1206 1012 Nostram

230 1037 335 1097 autem
358 1037 493 1115 augebat
512 1039 717 1117 suspicionem
738 1057 846 1100 rumor
860 1038 996 1118 quidam,
1009 1041 1062 1117 qui
1079 1043 1121 1102 ad
1138 1044 1218 1116 Nos}

230 1128 410 1206 perferebat
434 1150 494 1193 non
520 1150 630 1209 parurn
656 1134 880 1195 adhaerescere
902 1136 947 1193 Te
967 1133 1218 1207 Novatoribus,

230 1239 399 1302 eorumque
420 1224 552 1286 consilia
572 1226 691 1286 fovere.
714 1225 795 1288 Hinc
817 1225 935 1303 duplici
955 1244 995 1286 ex
1015 1244 1114 1288 causa
1139 1227 1218 1287 dis-¹

231 1315 361 1378 tulimus
382 1317 455 1380 Tibi
476 1319 661 1392 rescribere;
674 1321 741 1379 tum
762 1317 836 1397 quia
856 1318 964 1378 eadem
985 1317 1044 1379 illa
1064 1336 1218 1396 respon-r

230 1410 296 1486 sio,
321 1414 474 1489 quemad
500 1410 666 1490 Episcopus
690 1413 815 1480 assiduo
839 1411 961 1490 quidem
987 1412 1094 1472 studio
1124 1411 1218 1484 tunsi

230 1505 430 1585 parabamus,
450 1506 522 1567 Tibi
543 1525 663 1586 quoque
684 1509 812 1585 poterat
832 1524 899 1566 esse
920 1505 1105 1579 communis3
1133 1499 1218 1566 tum³

230 1599 304 1677 quia
318 1599 498 1663 nolebamus
512 1619 585 1664 sane
598 1605 697 1663 Tuam
713 1600 825 1680 agendi
836 1599 992 1660 rationem
1008 1616 1204 1676 coarguere,

231 1693 336 1771 Teque
361 1695 397 1754 de
423 1694 530 1773 aliqua
552 1695 645 1773 culpa
668 1695 850 1774 postulare,
874 1699 1041 1772 antequam
1071 1691 1204 1766 Nobis,

230 1787 309 1864 quod
324 1788 361 1849 de
382 1790 427 1848 Te
448 1789 662 1866 vulgabatur,
688 1789 784 1848 certis
812 1786 1048 1866 probationibus
1076 1789 1205 1847 consti·

230 1879 334 1942 iisset.

185 2013 188 2020 ·
290 1981 368 2041 Onm
383 1977 444 2038 iam
466 1976 499 2037 in
521 1977 609 2038 exitu
624 1977 695 2036 erat
709 1975 869 2053 responsio
881 1975 1000 2037 Nostra
1013 1974 1052 2033 ad
1066 1973 1203 2051 Episco-

230 2093 297 2152 pcs,
310 2091 388 2151 quae
401 2071 478 2132 Tuis
492 2069 589 2131 etiam
603 2069 810 2147 petitionibus
823 2073 894 2131 erat
908 2068 1159 2142 accommodata,
1173 2073 1205 2128 et

231 2183 301 2226 cum
323 2182 374 2225 res
394 2182 414 2225 a
435 2166 478 2223 Te
499 2166 645 2224 recenter
667 2165 772 2240 gestae
794 2162 832 2222 ad
853 2163 919 2224 Nos
940 2159 1202 2238 perferebantur,

230 2259 400 2331 venerunt,
413 2259 541 2334 praeter
555 2273 677 2316 omnem
691 2255 971 2333 exspectationem,
980 2254 1202 2314 alteraeTuae
1217 2277 1218 2332 3

231 2349 376 2411 Litterae
390 2352 481 2410 datae
496 2349 598 2428 pridie
611 2349 678 2412 (iul.
692 2350 801 2422 Febr,
817 2348 929 2427 quibus
943 2364 1018 2424 prae
1034 2348 1079 2406 Te
1093 2345 1218 2426 ferens}

231 2445 323 2523 parvi
344 2445 508 2507 aestimari
529 2462 548 2504 a
569 2446 613 2504 Te
634 2443 827 2522 contrariam
852 2441 980 2504 maioris
1001 2441 1104 2519 partis
1125 2442 1218 2501 Gal-i

231 2538 405 2600 licanorum
426 2539 649 2617 Episcoporum
670 2537 857 2616 opinionem,
880 2539 914 2598 et
933 2535 1087 2613 quoddam
1109 2552 1218 2611 prae-1

233 2635 344 2693 texens
365 2632 563 2711 excogitatae
585 2633 782 2694 necessitatis
803 2630 983 2708 imperium,
1008 2629 1086 2688 haec
1101 2629 1218 2689 Nobis¹

232 2726 449 2805 significabas:
477 2729 636 2790 «Novum
664 2726 897 2804 presbyterium
918 2725 952 2784 in
978 2722 1119 2786 Ecclesia
1145 2724 1203 2784 Oa·

232 2835 251 2878 a
264 2819 404 2881 thedrali
416 2819 646 2880 decrevisseTe
658 2818 863 2894 constituere3
875 2817 1019 2897 partibus
1032 2815 1073 2876 iis
1087 2817 1200 2888 etiam,
1217 2879 1218 2888 χ

232 2896 343 2992 »quae
364 2916 510 2975 recenter
524 2913 557 2973 in
571 2911 744 2973 Dioecesim
760 2912 960 2973 transierunt
975 2913 1086 2983 Tuam,
1103 2913 1201 2987 prout

232 3023 251 3066 a
266 3006 435 3068 necessitas
450 3009 532 3081 erat,
542 3007 651 3084 perTe
665 3005 827 3083 provisum
842 3004 950 3065 fuisse:
967 3008 1200 3065 sacramentnm

232 3119 250 3158 a
268 3099 386 3160 dixisse
407 3119 426 3162 a
445 3098 609 3163 Nationali
623 3100 786 3160 Conventa
801 3098 1009 3176 propositum:
1023 3113 1201 3157 sacramen·

234 3195 334 3253 »tum
364 3193 542 3256 huiusmodi
568 3192 677 3270 (cuius
706 3193 743 3254 ad
764 3193 829 3266 Nos
857 3190 974 3252 misisti
1003 3189 1202 3268 exemplum)

235 3303 335 3346 »nou
347 3303 407 3362 pro
423 3305 556 3349 assensu
570 3289 677 3347 animi
698 3285 873 3346 habendum
895 3301 975 3358 esse,
990 3300 1048 3342 nec
1061 3283 1142 3343 illud
1161 3283 1199 3341 ad
1217 3299 1218 3316 ἒ

233 3379 374 3440 »omnia
398 3381 581 3459 pertinere,
604 3381 656 3439 sed
685 3395 752 3439 esse
781 3377 952 3438 coercitum
978 3377 1016 3436 ad
1042 3374 1199 3437 Dioecesis

233 3475 340 3534 »tuae
362 3492 489 3538 curam:
510 3491 570 3552 per
595 3472 637 3535 Te
658 3475 781 3544 autem,
804 3472 878 3531 dum
900 3471 1033 3532 Decreta
1054 3466 1199 3533 Nationis
