2456 4192
223 305 300 354 snat
318 295 507 375 perditores,
527 308 558 360 et
572 299 709 376 perditi,
722 302 789 359 aeto
810 297 890 377 fidei
911 295 1107 357 Dominicne
1118 314 1191 374 per·

223 405 410 468 sequanorum·
423 401 454 451 ct
476 409 498 451 a
517 396 609 452 sanis
629 395 801 464 mentibus,
818 395 971 469 nepertia
985 393 1063 452 boec
1089 394 1191 450 latins

223 485 421 560 divulgetur,
445 489 627 559 severitate,
648 504 715 565 qun
733 504 918 563 possumus,
944 485 1187 547 abscindamus.

223 579 289 646 Qua
310 578 342 637 in
364 567 398 638 re
420 579 610 656 perficienda
631 599 686 640 vos
706 582 894 654 hortamur,
917 581 1135 651 obtestamur,
1160 581 1191 638 et

222 691 394 745 monemus,
416 675 452 733 ut
473 676 727 750 quemadmodum
750 675 781 733 io
803 671 944 734 Ecclesia
959 691 1021 733 una
1035 677 1086 732 est
1101 672 1190 743 fides,

223 783 317 826 unum
340 766 518 842 baptisma,
542 785 682 844 unusque
704 767 854 843 spiritum
877 766 921 826 sic
943 783 1022 826 unns
1048 764 1190 824 omnium

222 861 364 919 vestrum
379 860 422 918 sit
435 860 569 934 animus,
582 865 617 921 et
629 861 793 921 concordia
803 859 979 933 individua,
993 878 1054 919 nna
1065 859 1190 918 eadem·

219 970 280 1029 qne
302 957 335 1012 et
356 953 438 1030 iugis
459 956 640 1029 contenti03
663 956 768 1032 etqui
792 954 892 1014 iuncti
914 953 992 1014 estis
1013 952 1187 1020 institutis,

221 1047 290 1124 pari
316 1047 412 1107 etiam
441 1049 585 1122 virtute,
612 1067 647 1109 ac
675 1049 840 1109 voluntate
868 1045 1118 1124 coniungamini.
1146 1048 1188 1106 De

111 1132 117 1145 '
221 1157 389 1200 summare
403 1141 523 1217 agitur,
540 1141 614 1219 quia
635 1141 743 1218 agitur
758 1142 796 1200 de
811 1140 871 1201 fide
892 1140 1060 1213 catholica,
1076 1142 1119 1199 de
1132 1141 1190 1200 Ec·

220 1231 335 1291 clasiae
356 1232 509 1309 puritate,
532 1234 570 1292 de
591 1238 771 1294 sanctorum
794 1233 953 1305 doctrina,
970 1233 1007 1292 de
1029 1230 1189 1308 tranquil·

219 1325 314 1384 litate
334 1324 483 1402 imperii,
506 1327 543 1384 de
572 1327 675 1386 salute
702 1325 900 1403 populorum.
923 1328 968 1385 De
996 1343 1032 1384 eo
1053 1324 1187 1402 agitur,

220 1419 300 1496 quod
328 1421 364 1478 ut
385 1420 423 1479 ad
446 1419 629 1479 universnm
657 1419 818 1479 Ecclesiae
841 1435 976 1495 corpm,
1000 1418 1044 1478 sic
1069 1420 1110 1478 ad
1135 1433 1187 1476 vos

220 1512 355 1573 maxime
377 1513 540 1589 pertinet,
561 1513 614 1590 qni
635 1517 777 1591 pastores
799 1513 876 1574 estis
896 1513 929 1573 in
951 1517 1074 1590 partem
1102 1509 1188 1572 solli·

219 1606 368 1666 citudinis
379 1607 516 1667 Nostrae
531 1605 649 1678 vocati,
665 1608 699 1665 et
711 1622 844 1682 quorum
860 1605 1047 1683 vigilantiae
1062 1606 1186 1684 puritas

219 1699 293 1759 fidei
314 1702 362 1760 est
384 1699 596 1776 singulariter
617 1700 843 1759 commendata.
859 1699 955 1760 Nunc
976 1703 1103 1777 itaque,
1119 1701 1185 1775 frn-

219 1801 294 1866 tres,
310 1797 467 1870 qnoniam
480 1811 537 1852 vos
558 1795 632 1853 estis
644 1787 806 1870 'Episcopi
826 1795 864 1852 in
881 1797 997 1870 populo
1012 1793 1084 1866 Dei,
1103 1801 1134 1852 ct
1146 1808 1185 1850 cn

143 1936 145 1940 ,
219 1890 308 1947 nobis
326 1888 447 1965 pervolet
469 1890 584 1947 anima
604 1889 758 1960 illorum,
782 1888 827 1946 od
854 1890 1017 1964 eloquiam
1041 1896 1184 1948 oestrum

221 1983 322 2041 corda
343 1999 451 2042 eornm
473 1984 590 2058 crigite
605 1981 667 2059 (1),
692 1985 728 2041 ut
749 1983 834 2042 stent
855 1980 887 2038 in
909 1979 988 2054 flde,
1005 1985 1038 2040 et
1058 1977 1182 2058 ingredi

220 2074 350 2134 valeant
371 2075 402 2132 in
424 2073 512 2134 illam
535 2074 694 2149 requiem,
710 2091 788 2149 quae
810 2062 884 2132 solis
905 2073 1108 2133 credentibus
1129 2089 1184 2148 pe-

143 2233 145 2236 ,
219 2171 291 2228 rata
311 2185 379 2226 esse
400 2165 607 2243 dignoscitur.
627 2167 819 2238 obsecrate,
843 2166 968 2244 arguite
983 2210 991 2238 ‚
1006 2167 1181 2244 corripite,

218 2261 391 2336 increpate,
408 2259 508 2319 nolite
527 2259 659 2330 timere3
676 2259 881 2320 indiscretum
896 2259 1008 2337 qnippe
1023 2260 1180 2319 silentium

217 2355 293 2426 hos,
309 2352 362 2429 qui
376 2352 507 2435 erudiri·
520 2357 689 2430 poterant,
706 2353 824 2413 deserit
846 2353 877 2411 in
900 2371 1026 2424 errore,
1049 2353 1130 2426 illis,
1152 2354 1182 2410 et

219 2444 320 2516 vobis,
337 2445 481 2522 aquibus
502 2445 618 2523 depelli
638 2446 781 2518 debebat,
805 2446 1051 2506 damnosissimo.
1067 2447 1182 2506 Sancta

217 2538 359 2600 Ecclesia
386 2542 462 2598 tnnc
491 2538 650 2599 valentius
675 2539 706 2598 in
736 2540 875 2600 veritate
897 2540 1061 2613 reficitur,
1089 2555 1179 2618 quum

218 2633 379 2691 ardentius
402 2648 459 2707 pro
481 2631 621 2691 veritate
635 2630 812 2709 fatigatum
829 2650 928 2709 neque
949 2633 981 2692 in
1004 2633 1114 2693 divino
1128 2634 1181 2691 hoc

218 2743 310 2802 opere
331 2729 388 2785 aut
408 2725 582 2801 potentiam
597 2726 870 2799 adversariorum,
886 2731 943 2786 aut
958 2728 1096 2804 gratiam
1112 2742 1180 2804 per·

218 2817 402 2879 timescatis.
418 2817 512 2878 Absit
533 2817 630 2878 timor
644 2819 683 2877 ab
696 2819 862 2895 Episcopo,
877 2837 968 2896 quem
984 2820 1091 2880 unctio
1113 2836 1179 2880 san·

217 2912 261 2972 cti
282 2911 423 2988 Spiritus
446 2911 619 2972 roboravit.
643 2911 734 2971 Absit
755 2929 774 2971 a
795 2913 927 2972 Pastore
949 2919 1069 2986 metus,
1092 2926 1178 2990 quem

216 3005 369 3082 Princeps
391 3008 552 3081 pastorum
574 3021 629 3063 suo
653 3003 763 3064 (locuit
790 3004 934 3080 exemplo
960 3005 1059 3064 vitam
1082 3005 1177 3082 ipsam

216 3115 274 3174 pro
297 3097 399 3156 salute
423 3097 529 3174 gregis
550 3099 772 3157 contemnere:
803 3098 843 3157 ab
863 3097 1033 3175 episcopali
1054 3102 1180 3175 pectore

216 3191 300 3252 absit
319 3191 467 3251 vecordia
485 3191 702 3264 mercenarii,
728 3195 763 3251 et
789 3190 935 3252 abiectio.
958 3193 1095 3270 Egregie
1124 3205 1177 3269 pro

217 3301 303 3344 more
322 3301 377 3343 suo
392 3300 522 3360 magnas
538 3282 593 3366 ille
607 3288 790 3366 antecessor
804 3285 921 3368 Noster
936 3285 1108 3370 Gregorius
1123 3282 1177 3362 (2),

281 3415 316 3469 (1)
333 3410 419 3459 Iudith
429 3413 552 3460 VHML
1027 3437 1030 3444 ·

280 3489 315 3542 (2)
331 3488 392 3544 Bag.
403 3486 541 3533 Pastorll.
552 3497 573 3532 c.
581 3485 605 3532 4.
614 3487 675 3532 tom.
683 3487 718 3532 II.
727 3499 768 3545 op.
775 3483 926 3534 emt-Parta.
933 3487 1050 3536 Menaeis.
1058 3501 1080 3536 s.
1089 3483 1176 3536 llaurl·
