2456 4192
92 309 133 371 Ab
151 308 243 370 initio
265 308 478 370 iudicabamus
502 309 688 370 servandum
711 309 809 372 Nobis
830 327 897 370 esse
919 328 990 371 cum

40 401 200 463 huiusmodi
229 400 421 462 inconsultis
447 402 626 463 hominibus
653 402 839 477 silentium,
863 421 901 464 ue
929 405 991 484 ipsi

41 495 172 558 raritatis
185 513 264 556 voce
286 495 387 574 magis
401 495 524 558 irritati
544 498 584 558 ad
599 496 701 558 multo
716 497 876 560 deteriora
889 499 991 560 adhuc

40 594 224 666 proruerent.
240 591 395 652 Nostrum
417 591 473 650 hoc
492 589 656 652 silentium
678 590 845 652 tuebamur
864 593 899 654 S.
914 595 993 654 Gre-

40 683 106 762 gorii
127 684 235 763 Magni
255 683 464 758 auctoritate,
479 684 533 763 qui
552 683 599 763 (1)
614 684 779 756 Discrele,
802 683 927 763 iuquit,
943 689 994 746 ui·

44 778 255 838 circitudinam
265 779 440 862 maceda
455 786 533 839 sunt
547 786 703 856 tempora,
719 796 761 840 ae
774 795 847 840 cum
856 782 993 841 restrin-

44 874 70 946 pi
85 872 199 948 linqua
220 872 321 944 debet,
337 889 395 948 per
416 874 515 933 cerba
536 874 703 934 inutiliter
723 873 857 949 destant.
873 875 990 934 Tamen

44 964 122 1024 rerba
142 968 255 1027 nostra
275 966 313 1026 ad
335 967 433 1026 Deum
453 963 691 1040 convertimus,
713 983 749 1027 ac
770 964 910 1044 publicas
930 971 995 1028 sta·

44 1056 86 1116 tin
106 1056 283 1118 indiximus
304 1061 497 1136 peragendas
512 1075 632 1136 preces,
648 1062 685 1120 nt
699 1058 789 1119 novis
802 1058 874 1120 istis
887 1059 993 1138 legum

41 1149 182 1210 latoribus
210 1168 284 1212 eum
316 1153 558 1230 impetraremus
580 1154 740 1225 animum,
763 1171 822 1231 quo
847 1154 990 1227 vellent,

40 1244 70 1301 ab
81 1244 168 1306 huius
183 1245 300 1305 saeculi
321 1245 535 1323 philosophiae
550 1245 755 1325 praescriptis
769 1249 926 1321 recedere,
941 1251 994 1308 at-

41 1355 88 1413 que
105 1339 142 1397 ad
163 1338 340 1417 Religionis
354 1346 480 1400 nostrae
494 1339 625 1402 consilia
644 1341 788 1418 regredi,
798 1342 899 1420 iisque
913 1341 993 1402 insi·

43 1434 121 1490 stare.
135 1432 170 1491 lu
191 1448 253 1509 quo
275 1433 436 1498 susannae
451 1432 630 1510 exemplum
644 1434 746 1495 secuti
761 1452 886 1509 sumus,
900 1452 992 1513 quae,

46 1527 75 1582 ut
84 1525 204 1600 exponit
227 1525 261 1586 S.
279 1525 463 1587 Ambrosius
478 1526 537 1606 (2),
555 1526 636 1588 Plus
650 1529 717 1604 epit
729 1528 877 1602 lucendo,
893 1545 992 1604 quam

51 1617 145 1678 desei
158 1621 309 1696 liquata:
325 1620 463 1682 tacendo
477 1623 566 1681 enim
578 1621 668 1698 apud
681 1621 838 1693 homines,
857 1623 993 1699 loquuta

51 1717 87 1767 ert
101 1710 168 1784 lleo;
183 1715 388 1774 conscicntia
412 1716 612 1792 loquebatur,
629 1715 686 1774 ubi
706 1731 772 1773 cour
792 1731 860 1773 non
881 1714 994 1774 audie·

47 1801 133 1876 lucr,
148 1823 208 1866 nec
221 1808 398 1884 quaerebat
412 1824 471 1883 pro
485 1824 517 1867 se
532 1807 702 1866 bominum
719 1806 891 1877 iudicium,
908 1824 993 1884 quoe

46 1893 159 1958 latebra
180 1897 318 1959 Domini
340 1901 572 1962 testimonium.
866 1945 871 1958 .

89 1994 190 2071 Neque
212 2011 306 2071 porro
328 1994 611 2072 praetermisimus,
629 1993 838 2078 'venerabiles
859 1994 993 2054 Fratres

47 2085 157 2147 Nostros
178 2088 214 2148 S.
230 2088 270 2148 R.
287 2089 323 2148 li.
340 2086 524 2150 cardinales
545 2088 577 2146 in
592 2087 818 2150 Consistorium
841 2105 994 2148 convoca-

47 2193 85 2249 re,
98 2181 143 2240 die
162 2181 205 2240 29
225 2180 339 2240 Martii
361 2180 502 2256 proxime
523 2180 623 2258 elapsi
645 2181 736 2253 anni,
761 2199 873 2258 eosque
894 2182 995 2255 parti-

44 2269 109 2346 cipes
128 2291 236 2334 eorum
258 2272 373 2346 facere,
389 2289 466 2350 quae
489 2273 561 2333 istie
583 2273 653 2351 geri
670 2277 780 2334 contra
799 2275 993 2336 catholicam

43 2363 222 2442 Religionem
244 2364 307 2425 iam
328 2372 508 2443 coeperant,
525 2367 813 2444 communicataque
827 2386 897 2430 cnm
919 2369 994 2448 ipsis

43 2455 133 2518 Nostri
151 2458 270 2521 doloris
293 2459 488 2533 acerbitate,
509 2460 582 2520 illos
602 2459 729 2521 itidem·
745 2463 784 2522 ad
805 2463 993 2522 Nostrarum

45 2545 240 2624 lacrimarum,
257 2569 294 2612 ac
315 2553 567 2616 obsecrationum
587 2553 776 2620 societatem.
789 2555 942 2614 excitare.

89 2645 161 2704 lium
182 2645 216 2705 in
242 2646 300 2704 hoc
320 2662 455 2706 essemus
483 2646 620 2720 intenti,
642 2651 771 2724 repente
800 2645 934 2706 affertur
954 2649 993 2706 ad

44 2732 103 2806 Nos,
117 2738 283 2816 prodiisse,
299 2738 384 2800 eirca
403 2739 516 2799 mensis
530 2739 604 2800 Iulii
620 2739 796 2813 dimidium,
811 2758 830 2801 a
850 2739 992 2799 Gallicae

43 2827 170 2892 Nationis
185 2835 350 2895 Conventa
371 2832 472 2910 (cuius
494 2833 617 2894 nomine
631 2834 731 2895 solam
752 2837 874 2912 partem
889 2851 994 2894 nume·

45 2936 72 2977 ro
89 2926 321 2998 praevalentem
342 2944 464 3006 semper
493 2927 734 3006 intelligemus),
756 2927 911 3004 prodiisse
925 2971 934 3000 ,
948 2926 995 2986 iu-

46 3015 159 3092 quimus,
175 3008 355 3091 Decretum,
368 3022 447 3098 quod
463 3021 496 3080 in
509 3021 606 3082 titulo
626 3020 893 3083 constitutionem
908 3020 995 3082 Cleri

45 3107 153 3175 civilem
174 3121 373 3194 praetexens,
388 3135 502 3180 revera
523 3120 561 3180 ad
575 3118 750 3180 sacratiora
771 3119 929 3197 dogmata,
945 3121 995 3179 at·

43 3221 92 3280 que
111 3211 146 3268 ad
167 3210 379 3272 certissimam
406 3212 565 3273 Ecclesiae
586 3212 781 3290 disciplinam
804 3212 995 3289 perturban-

99 3358 130 3414 lli
145 3359 234 3418 Regni.
245 3360 346 3407 Pastor.
356 3360 418 3407 tom.
430 3359 464 3416 11,
477 3370 546 3418 oper.
557 3357 619 3406 edit.
630 3358 805 3418 maunnpeg.
819 3359 859 3407 54.

99 3433 132 3555 (Ξ)
142 3434 196 3482 Lib.
208 3437 221 3482 Ι
231 3433 261 3484 de
273 3435 342 3484 offic.
354 3447 411 3495 cap.
422 3437 469 3494 111,
482 3437 588 3496 uum-9,
601 3436 663 3483 tom.
675 3436 711 3482 11.
724 3435 800 3494 Oper.
811 3433 872 3482 edit.
883 3431 993 3483 Mauriu.

48 3513 96 3564 pag.
126 3539 132 3552 .
