2498 4200
36 293 135 351 Deum
155 307 211 368 pro
234 291 278 349 'Pe
301 293 377 348 vote
394 287 524 361 Nostra,
547 287 607 346 huc
626 288 760 349 Nostrae
782 287 1000 364 cogitationes,

35 384 151 458 studia,
166 399 321 460 curasque
335 364 440 442 omnes
462 379 551 441 unice
571 397 753 453 conversae,
769 380 1000 460 collocataeque

37 480 121 537 sunt.
137 478 205 536 Hoc
226 476 331 536 animo
351 474 565 551 iquostolioam
583 472 854 547 Benedictionem,
873 493 951 551 quae
966 479 998 538 di

37 569 181 629 ainornm
205 567 344 626 omnium
365 567 615 628 benedictionum
640 567 777 643 auspicio
802 585 869 628 esse
890 570 1001 646 possit.

38 664 163 739 'l'uaque
187 660 291 721 omnia
311 659 443 720 consilia
463 664 556 736 atque
578 661 704 737 incepta
725 678 819 722 verae
838 661 1004 728 felicitatis

36 755 124 814 exitu
138 757 349 832 prosequatur
370 759 403 812 st
416 753 566 824 cumulet,
583 752 654 812 Tibi
676 753 838 814 carissime
860 754 892 814 in
915 759 1005 819 chri-

37 850 82 906 sto
95 846 165 906 Fili
178 846 309 917 Noster,
326 862 388 904 uua
406 863 476 905 oum
497 850 632 922 augusta
651 845 789 922 Coniuge
810 848 889 920 Tua,
906 852 1005 910 omni-

36 957 90 1016 que
112 938 206 1016 regia
227 937 374 1011 Familia,
390 956 430 998 ex
450 937 564 998 intimo
585 943 718 1015 paterno
738 940 832 999 corde
853 945 1005 1006 amantis-

38 1033 112 1092 sime
135 1030 351 1107 impertimur.

95 1127 216 1186 Datum
228 1124 346 1184 Romae
358 1121 408 1182 die
420 1123 464 1184 Vl
477 1121 551 1182 Iulii
565 1123 755 1198 MDCOXOI,
765 1124 886 1186 Pontis.
895 1125 1006 1188 Nostri

39 1225 130 1280 Anno
151 1218 256 1278 XVII.

443 1327 596 1385 111111.

397 1437 536 1482 nmncrrs
557 1438 649 1482 muns

157 1545 159 1548 ⁵
184 1554 364 1616 Ruououl
384 1555 437 1614 ΕΤ
459 1554 635 1616 SYNDICO
656 1555 866 1618 GENERALI

227 1647 545 1710 UNIVERSITATIS
571 1649 826 1738 uADONuNSIS

259 1774 431 1855 PIUS
485 1775 676 1853 PAPA
730 1777 797 1854 VI.

160 1921 299 1980 Dilecto
318 1918 402 2010 Filt,
423 1919 575 1977 solutam
597 1895 637 1977 et*
651 1897 888 1990 apostolicam

378 2017 673 2075 Benedictionem.

100 2162 287 2242 Accepimus
302 2163 416 2224 dudum
432 2181 472 2224 ex
485 2163 608 2224 Abbate
620 2165 746 2244 Moury,
763 2167 1009 2230 declarationem

51 2259 190 2323 Vestram
211 2259 249 2318 de
270 2257 371 2317 civico
385 2256 562 2317 iuramento
578 2257 650 2319 istic
664 2259 779 2333 edicto,
796 2279 925 2339 gravem
941 2263 1011 2340 qui-

50 2353 135 2428 dem,
166 2351 269 2429 piam,
290 2368 327 2411 ao
351 2349 525 2428 spirantem
551 2352 634 2410 omni
655 2369 695 2412 ex
716 2358 806 2430 parte
834 2355 1010 2418 doctrinam

49 2447 170 2506 omnino
198 2444 398 2506 catholicam.
426 2445 534 2521 Itaque
559 2444 591 2503 iu
619 2446 717 2506 tantis
742 2448 854 2523 quibus
878 2449 1011 2528 undique

49 2539 255 2600 distrahimur
282 2538 441 2616 negotiis,
469 2557 528 2598 non
556 2540 653 2599 semel
680 2558 749 2600 eam
776 2540 933 2619 legimus,
959 2546 1010 2604 sed

49 2650 135 2711 caepe
157 2630 341 2709 saepiusque
362 2631 565 2708 perlegimus,
586 2633 634 2691 uti
655 2634 694 2693 ad
715 2637 911 2710 praesentem
933 2637 1013 2694 tcm-

49 2743 156 2802 porum
183 2726 340 2788 rationem
366 2725 724 2786 accommodatissimam.
750 2727 910 2786 Summam
937 2744 1013 2805 ergo

50 2821 271 2898 mirificamque
292 2819 425 2883 aNobis
448 2822 482 2878 et
506 2819 544 2878 ab
568 2819 627 2879 hac
651 2819 741 2879 Petri
769 2820 848 2880 Sede
876 2822 1012 2898 gratiam

51 2914 109 2975 Vos
137 2914 247 2974 iniisse
275 2913 497 2991 significamus.
527 2915 604 2975 (lum
632 2930 708 2973 vero
734 2914 798 2974 Nos
823 2913 948 2992 singula
968 2915 1016 2975 le·

52 3009 147 3085 gendo
170 3008 371 3080 delectarint,
388 3010 455 3066 tum
476 3005 624 3084 solonge
644 3005 790 3082 maxime,
806 3025 884 3084 quae
905 3009 944 3068 de
964 3027 1015 3068 re-

52 3101 178 3163 tincnda
198 3101 421 3180 promissorum
442 3100 516 3175 fide,
533 3101 631 3179 deque
652 3101 742 3161 civili
763 3101 832 3160 iure
854 3101 893 3161 ab
914 3102 1014 3163 eccle·

52 3196 180 3257 siastico
195 3199 369 3274 opportune
390 3195 595 3267 secernendo,
618 3213 678 3254 non
701 3195 803 3256 minus
824 3214 901 3256 vero
922 3213 1015 3272 quam

54 3291 150 3352 solido
165 3291 296 3368 quodam
317 3294 351 3351 et
371 3289 446 3349 rivo
467 3289 620 3349 orationis
642 3307 756 3368 genere
773 3290 1013 3369 pronunciastis.

53 3382 162 3444 Eluoet
182 3384 265 3444 enim
292 3383 414 3444 invicta
442 3382 539 3442 animi
566 3382 747 3460 fortitudo,
773 3404 834 3463 qua
855 3384 1015 3463 Religioni

54 3479 223 3540 catholicae
243 3495 389 3540 romanae
410 3481 461 3540 tot
481 3478 555 3539 istic
576 3495 634 3557 per
654 3479 777 3542 saecula
799 3479 1013 3554 continuatae,

148 3599 206 3651 Vol.
222 3600 249 3651 Ι.
892 3604 923 3651 14
