2500 4206
41 327 124 388 ctiam
145 326 473 406 easdem-praesentes
493 326 551 401 iis,
567 328 620 405 qui
641 347 660 389 a
679 328 864 402 Nobis,ch
886 329 924 390 ab
939 329 998 390 ali·

40 438 90 496 qno
107 421 281 494 Praelato,
297 439 350 480 seu
372 419 474 480 iudice
496 421 716 482 Ecclesiastico
739 423 923 486 nominatim
944 441 998 483 ex-

40 512 273 585 communicati,
299 513 458 590 suspensi,
481 513 645 574 interdicti
665 514 804 592 fuerint,
827 517 889 578 nisi
910 518 998 577 intra

40 606 165 670 eiusdem
196 605 333 668 lubilaei
359 613 483 684 tempus
505 607 734 683 satisfecerint,
756 614 879 672 etcum
900 611 999 688 parti·

41 701 88 762 bus
107 704 394 778 concordaverint,
424 705 489 766 ullo
510 709 599 766 modo
620 705 788 782 suffragari
809 723 917 782 posse,
940 708 997 767 aut

39 795 150 858 debere.

86 891 133 950 Ad
150 889 353 967 praescripta
365 907 476 968 opera,
493 909 572 968 quae
586 909 643 968 pro
660 891 812 953 lucranda
825 891 995 968 Indulgen-

38 981 76 1040 tia
100 983 172 1044 fieri
202 985 416 1062 postulamus,
440 985 638 1064 adiungimus
663 985 764 1047 adhuc
784 985 994 1047 hortationem

38 1075 202 1152 Nostram,
234 1080 271 1138 ut
299 1078 509 1155 unnsquisque
539 1079 679 1140 fidelium
708 1077 825 1155 aliquid
854 1078 927 1139 boni
954 1095 995 1138 ex

42 1185 104 1229 suae
124 1172 284 1248 pietatis,
308 1190 343 1232 ac
364 1172 497 1233 virtutis
518 1171 654 1234 arbitrio
673 1172 829 1233 conferat.
850 1172 940 1232 Etsi
962 1173 993 1230 in

38 1259 132 1340 aliqua
153 1265 292 1326 dioecesi
312 1265 534 1342 religiosorum
555 1266 699 1338 ordines,
713 1266 767 1342 qui
782 1263 898 1325 ibidem
912 1265 995 1324 ersi·
1037 1325 1040 1330 .

38 1356 131 1429 stant,
154 1358 378 1420 canonicorum
404 1359 556 1436 collegia,
581 1358 818 1420 conservatoria
838 1361 900 1418 etc.
921 1376 994 1418 con-

37 1445 156 1511 iunctim
189 1452 318 1530 singula
344 1453 513 1530 procedent
538 1455 576 1514 ad
605 1451 796 1526 Ecclesiam,
818 1456 915 1530 prout
942 1451 993 1512 hie

38 1543 143 1606 Romae
165 1547 207 1608 ad
229 1546 397 1625 plurimam
412 1546 519 1624 populi
532 1547 780 1608 aedificationem
794 1545 912 1607 factum
926 1565 993 1608 esse

40 1640 248 1714 eognovimus,
265 1644 302 1701 ut
322 1659 379 1718 per
399 1641 483 1701 viam
504 1641 536 1699 in
557 1642 667 1715 eunde,
683 1642 899 1717 redeundoque
914 1641 995 1702 reci-

39 1730 98 1791 tent
125 1734 277 1796 Litanias
305 1735 507 1804 Sanctorum,
530 1734 760 1812 implorantque
782 1735 992 1795 Patronerum

40 1835 114 1897 opem
138 1845 200 1888 non
224 1827 290 1887 sine
305 1827 376 1887 aliis
398 1828 542 1905 precibus
557 1828 594 1887 ad
610 1828 837 1910 poenitentiam
851 1831 994 1905 spectan-

38 1913 130 1992 tibus,
153 1921 267 1980 iisdem
289 1921 479 1998 suggeretis3
501 1925 595 1999 atquc
616 1921 733 1981 idcireo
754 1921 842 2004 prius
862 1921 940 1999 ipsis
959 1921 992 1982 in

40 2016 215 2076 memoriam
235 2016 379 2076 revocari
401 2016 572 2089 curabitis,
599 2019 679 2094 quod
707 2017 740 2078 S.
757 2016 958 2076 Innocentius
979 2020 994 2078 l

37 2106 201 2183 scripserat
228 2109 266 2168 ad
293 2107 465 2185 Episcopus
487 2108 672 2180 Aurelium,
695 2111 729 2168 et
756 2109 988 2186 Augustinum:

38 2195 154 2263 Nostris
174 2205 397 2265 communicas
423 2210 455 2263 et
475 2205 614 2264 alternis
629 2206 705 2279 plus
726 2205 854 2280 capimus
874 2207 995 2264 oratio·

38 2295 136 2369 cibas,
162 2314 265 2376 qaam
285 2298 508 2374 siapalaribaa
536 2305 596 2356 aut
614 2299 767 2372 privatis·

88 2389 169 2452 Illud
196 2393 355 2468 postremo
378 2390 544 2468 unicuique
558 2393 701 2450 vestrum
716 2389 887 2468 adiungere
903 2391 994 2452 debe-

38 2493 114 2556 mus,
138 2490 177 2547 ut
206 2483 311 2560 elapso
341 2483 472 2545 Inbilaei
501 2487 658 2560 tempore,
682 2501 719 2541 ne
747 2483 824 2542 item
852 2483 993 2560 elapsum

39 2589 96 2636 esse
118 2579 336 2656 precationum
359 2575 399 2637 ad
419 2575 515 2637 Deum
538 2579 661 2654 tempus
683 2577 902 2649 existimetur,
921 2595 994 2654 pro·

39 2669 201 2751 ptereaque
223 2670 420 2749 praecipuam
441 2669 473 2728 in
496 2687 533 2729 eo
554 2661 725 2747 ponendam
749 2687 815 2729 esse
837 2669 994 2730 sollicitu-

40 2773 100 2822 ncm
121 2769 264 2826 vestram
286 2765 323 2825 ad
347 2763 494 2841 populum
515 2762 547 2821 in
564 2751 731 2840 'peculiari
753 2762 860 2822 divino
880 2761 992 2834 cultu,

39 2867 69 2910 aa
87 2858 218 2934 pietatis
239 2857 469 2918 exercitatione
484 2856 556 2928 diu,
572 2854 768 2931 multumque
783 2854 993 2916 retinendum.

38 2941 149 3012 Idcirco
171 2952 210 3013 ab
239 2951 377 3009 eiusdem
406 2954 590 3026 conspectu,
616 2966 652 3009 ac
679 2949 778 3007 etiam
800 2948 996 3025 cogitatione

38 3051 87 3111 per
100 3043 262 3122 integrum
277 3043 454 3121 proximum
468 3061 583 3105 annum
598 3042 702 3103 omnia
716 3044 915 3116 removenda,
933 3043 997 3104 No·

40 3134 101 3195 stra
121 3138 334 3210 auctoritate,
350 3141 425 3198 sunt
445 3136 593 3214 profanae
613 3135 790 3198 hilaritatis
804 3137 993 3212 spectacula,
1049 3137 1055 3150 “

38 3221 233 3292 theatrorum
249 3249 357 3308 nempe
373 3248 409 3291 ac
429 3231 722 3305 Bacchanaliorum,
736 3230 995 3308 quemadmodum

38 3313 95 3380 iam
115 3325 168 3386 hic
187 3326 253 3387 Nos
273 3327 392 3386 Romae
412 3322 588 3384 laciendum
609 3323 840 3402 praecepimus,
859 3341 920 3384 non
942 3324 996 3384 ob-

38 3413 191 3480 stantibus
205 3417 445 3496 quibuscumque
460 3416 493 3477 in
505 3419 697 3480 contrarium
709 3417 907 3480 iacientibus.
920 3419 995 3486 Qui·

36 3501 89 3568 bns
101 3513 244 3574 omnibus
257 3514 292 3574 et
312 3511 463 3590 singulis,
478 3512 606 3606 etiami
627 3516 665 3574 de
685 3514 768 3588 illis,
784 3531 892 3574 eorum
914 3514 993 3576 totis
