2456 4192
605 285 643 306 -
662 251 740 318 v111
761 267 799 302 --v

227 425 233 430 .
267 365 356 432 'Hae
380 364 497 432 autem
511 415 520 443 ,
533 360 744 450 praesertim
771 381 853 433 vero
879 361 1071 453 postremae
1093 363 1129 430 et
1152 373 1191 430 o·

224 464 359 534 mnium
376 464 611 556 amplissimae
622 464 853 546 mancationes,
867 463 923 536 his
934 463 1117 534 stimulum
1130 462 1190 534 ad·

217 566 388 637 -diderunt
401 566 461 660 qui
477 567 676 638 iamdudum
694 565 901 646 Pontilicum
914 571 1003 649 acta,
1014 565 1190 655 imprimis

225 669 278 742 Pii
293 674 351 751 Vl,
369 669 411 739 ad
438 669 609 740 Ecclesiae
636 669 849 740 calamitates
875 669 1082 758 spectantia,
1103 689 1190 760 prae

225 772 387 844 manibus
403 773 531 844 habere
548 773 747 868 cupiebant;
765 793 830 844 nec
844 778 961 842 tamen
985 791 1106 842 eorum
1130 771 1189 840 de-

226 874 350 945 siderio
375 879 409 944 et
431 877 608 946 communi
632 873 829 948 necessitati
852 875 983 944 lactum
1007 877 1060 945 est
1087 873 1185 944 satis.

226 978 393 1068 Exempla
417 976 511 1048 enirn
531 978 764 1049 vetustiorum
787 997 830 1046 ex
861 976 1062 1047 memoratis
1085 976 1189 1046 colle·

226 1080 658 1154 ctionitrusdifficillimum
674 1081 775 1152 estin
792 1079 938 1151 cilicinis
961 1078 1112 1150 librariis
1135 1079 1188 1148 in-

225 1183 366 1276 venire,
391 1184 484 1254 haud
510 1183 608 1253 lacile
631 1184 666 1253 in
691 1181 919 1254 bibliothecis.
950 1187 1045 1252 Duae
1068 1186 1189 1251 autem

226 1285 437 1357 novissimae
468 1293 503 1356 et
532 1287 634 1376 plura
663 1284 842 1356 continent
868 1291 904 1356 et
931 1284 1073 1356 maioris
1109 1306 1191 1376 pro·

219 1387 314 1471 ,lecto
329 1386 431 1457 molis
454 1394 549 1468 sunt,
568 1406 673 1478 quam
697 1391 738 1468 ut
759 1391 917 1478 prompto
941 1393 975 1457 et
997 1385 1087 1457 facili
1107 1384 1189 1457 usui

226 1510 301 1565 esse
332 1489 484 1582 possint;
509 1487 777 1582 quodquidam,
803 1490 862 1560 ubi
887 1487 1086 1580 praesertim
1114 1510 1189 1580 gra-

225 1593 340 1666 viores
367 1595 531 1686 ingruant
561 1593 789 1677 calamitates,
814 1592 1046 1664 necessarium
1076 1593 1187 1664 omni·

225 1717 271 1768 no
295 1699 357 1768 est.
1162 1751 1164 1754 .

287 1800 423 1874 Placuit
438 1800 566 1892 itaque,
583 1798 836 1890 praedictarum
852 1798 1095 1870 collectionum
1112 1799 1189 1870 sub-

221 1901 326 1985 sidio,
349 1922 478 1974 novam
502 1903 593 1972 hanc
615 1902 788 1994 suscipere
811 1901 999 1972 editionem
1022 1903 1190 1971 Actorum

225 2004 275 2077 Pii
292 2010 350 2087 Vl,
373 2025 462 2097 quae
477 2003 676 2095 ceteroquin
693 2004 839 2096 tempori
863 2010 1117 2096 peropportuna
1134 2025 1189 2074 ac·

106 2127 108 2132 ’
225 2108 320 2178 cidit.
338 2113 434 2192 Quae
457 2106 551 2176 enim
575 2107 780 2196 opinionum
803 2107 959 2198 contagia
983 2107 1086 2176 morlo
1110 2106 1189 2178 inli-

224 2211 323 2281 ciunt
347 2209 566 2291 societatem,
583 2228 672 2300 quae
696 2228 857 2299 perversa
877 2207 1047 2300 principia
1070 2209 1107 2280 in
1133 2231 1190 2281 ca·

224 2314 391 2390 tlrolicam
423 2310 648 2404 religionem,
682 2311 718 2380 in
756 2311 1025 2384 ecclesiasticam
1059 2311 1190 2384 hierar-

225 2415 358 2498 chiam,
382 2414 536 2486 maxime
558 2436 640 2486 vero
671 2414 706 2484 in
730 2415 961 2505 apostolicam
985 2414 1106 2486 Sedern
1139 2417 1190 2487 ef-

224 2519 412 2600 lleruntur‚
430 2523 464 2587 et
487 2517 618 2588 nelario
642 2538 743 2609 opere
763 2518 999 2609 complentur,
1024 2538 1064 2587 ea
1089 2517 1190 2609 ipsis·

225 2621 311 2694 sima
341 2626 444 2704 sunt,
477 2620 534 2692 vel
563 2624 655 2692 certe
685 2640 805 2691 eorum
835 2620 1072 2700 consectaria,
1099 2640 1191 2711 quae

150 2754 153 2759 ·
223 2732 310 2796 tunc
346 2726 498 2817 primum
534 2711 728 2794 Ecclesiam
758 2729 874 2815 aperte
905 2721 1094 2793 adorientia
1129 2723 1190 2795 da·

224 2828 362 2899 mnavit
377 2827 457 2899 Pius
473 2831 517 2896 Vl
540 2826 577 2897 in
602 2824 807 2918 apostolicis
830 2823 983 2908 Litteris,
1000 2843 1089 2916 quae
1111 2825 1192 2897 heio

225 2937 473 3022 congeruntur.

293 3033 367 3104 Etsi
386 3039 500 3106 autern
516 3027 607 3102 mala
624 3030 683 3100 illa
695 3030 862 3122 superiori
879 3035 1028 3102 exeunte
1052 3032 1190 3102 saeculo

111 3227 113 3232 7
226 3137 464 3230 impudentius
480 3156 519 3204 ao
532 3133 783 3206 violentissime
800 3133 836 3203 in
853 3133 974 3206 Galliis
996 3133 1189 3224 eruperint,

115 3275 119 3284 ·
226 3250 261 3314 et
282 3237 380 3311 illino
403 3239 445 3309 ad
469 3237 555 3308 alias
570 3238 727 3326 regiones
750 3237 785 3308 vi
810 3237 914 3307 etiarn
936 3240 971 3304 et
993 3235 1099 3312 armis
1115 3235 1189 3308 iue-

227 3345 299 3415 rint
324 3346 519 3434 propagata,
534 3339 569 3409 in
587 3339 772 3412 Germania
794 3344 911 3408 tamen
936 3344 970 3407 et
993 3337 1027 3406 in
1044 3339 1189 3430 quibus·

225 3441 305 3532 [dam
329 3446 450 3515 ltaliae
485 3442 641 3534 partibus
670 3441 726 3514 vel
761 3445 841 3511 ante
871 3440 1062 3512 violentam
1093 3441 1190 3514 illam

226 3541 456 3644 eruptionem,
481 3547 649 3638 paulatim
672 3532 919 3628 inferebantur,
941 3545 1001 3618 ubi
1023 3546 1189 3637 pessimo·
