2372 4198
226 287 403 364 exemplum
431 289 529 352 hisce·
546 290 664 354 nostris
684 293 820 354 Litteris
848 291 1018 370 alligatum
1042 285 1181 374 accipient

227 378 254 439 si
275 399 335 458 quo
356 386 497 460 tempore
518 389 590 448 tuas
604 389 642 447 ad
662 389 727 450 Nos
746 386 891 449 Litteras
913 386 1082 464 scripsisti,
1097 387 1134 444 ad
1152 379 1181 466 tc}

226 475 431 551 pervenisset,
445 496 506 538 non
518 480 708 556 dubitamus,
721 482 797 560 quin
808 481 1016 542 abstinuisses
1026 483 1059 540 te
1068 497 1089 540 a
1100 497 1181 556 qnae,

226 569 380 630 stionibus
402 575 624 651 proponendis,
640 578 677 658 de
698 577 809 654 quibus
830 579 921 637 modo
940 578 1008 638 Nos
1029 575 1175 646 consulis;

227 666 261 725 et
281 663 491 741 acquievisses
512 666 746 744 deliberationi,
760 686 851 747 quam
872 668 1014 746 cepimus
1035 667 1073 728 de
1095 666 1181 726 cond-1

227 757 271 819 lio
292 757 427 819 selectae
448 759 676 820 venerabilium
704 762 853 822 Fratrum
882 762 1077 822 Nostrorum
1100 762 1131 820 S.
1147 762 1176 819 it

224 849 380 911 Ecclesiae
402 850 616 912 cardinalium
637 853 910 932 congregationis,
930 854 1180 930 quemadmodum

225 941 341 1020 reliqui
363 941 538 1004 Galliarum
559 945 795 1024 metropolitani
816 950 850 1007 et
871 946 1010 1024 episcopi
1027 947 1154 1024 aequior

225 1039 313 1111 runt3
328 1035 515 1114 praesertim
529 1055 599 1097 eum
620 1041 720 1099 omnis
735 1039 925 1116 quaestionis
946 1040 1103 1100 vitandae
1122 1058 1177 1098 can·

226 1147 272 1204 sa,
288 1135 452 1191 reservata
474 1131 619 1192 consulto
640 1152 660 1193 a
678 1135 776 1195 Nobis
795 1134 917 1194 fuerint
936 1133 1010 1194 iura
1034 1129 1178 1204 omnia,si

225 1241 303 1302 qnae
326 1228 411 1297 sunt,
427 1242 504 1302 quae
526 1225 702 1304 singulares
722 1228 880 1289 Ecclesiae
894 1227 927 1286 in
949 1226 1035 1288 alias
1057 1229 1174 1288 eiusdem

227 1316 318 1394 regni
339 1316 493 1377 Ecclesiae
506 1317 620 1379 habere
642 1324 784 1396 possunt.
800 1323 884 1381 Haec
904 1321 1103 1394 reservatio,
1119 1337 1170 1397 que

225 1426 330 1468 omnes
350 1408 523 1486 Ecclesiae,
546 1414 854 1490 proindeqne'etiam
883 1419 969 1477 tuam
997 1415 1034 1474 in
1058 1435 1115 1488 eo,
1134 1429 1169 1491 qo

231 1505 306 1562 sunt
333 1506 420 1564 statu
442 1506 613 1585 relinquit,
636 1509 675 1568 ab
696 1507 781 1580 alia,
803 1526 895 1586 quam
915 1509 1015 1570 Nobis
1047 1507 1172 1588 proponit

225 1596 409 1674 quaestione
437 1601 473 1658 de
496 1603 569 1660 tuae
589 1601 926 1679 Ecclesiaeprimatu,
941 1621 979 1663 ae
1001 1604 1044 1662 de
1068 1619 1182 1684 praero-¹

226 1690 356 1767 gativis,
372 1710 451 1769 quae
466 1693 504 1754 ad
521 1698 565 1768 te,
578 1699 736 1774 tamqnam
751 1697 930 1773 primatem,
946 1697 1116 1773 pertinere
1127 1685 1182 1773 pos}

187 1845 190 1852 ,
225 1788 310 1858 sunt,
333 1785 540 1849 examinanda
571 1792 634 1851 Nos
655 1791 779 1852 eximit.
805 1793 887 1854 Illud
910 1792 970 1854 tibi
998 1793 1173 1870 persuadeas

225 1877 382 1954 cupimus,
399 1879 477 1940 nihil
500 1901 518 1943 a
538 1884 636 1944 Nobis
665 1889 775 1946 contra
802 1887 885 1946 huno
906 1890 995 1946 tuum
1021 1886 1182 1963 primatum,

225 1970 342 2034 laetum
365 1972 418 2046 iri,
434 1992 502 2034 eum
524 1995 561 2036 eo
584 1996 659 2056 erga
674 1982 706 2038 te
728 1979 830 2040 animo
851 1979 959 2054 simus,
976 1983 1016 2040 ut
1038 1975 1173 2056 quaetibi

229 2067 394 2141 debentur,
410 2071 649 2148 praerogativas
662 2091 779 2150 augere
793 2091 884 2152 quam
898 2073 1097 2135 imminuere
1115 2071 1172 2132 mal·

227 2159 337 2221 lemos.
354 2163 579 2224 Verumtamen
600 2185 678 2242 quae
699 2169 756 2226 tua
777 2166 945 2245 prudentia
966 2169 1032 2240 est,
1051 2167 1167 2229 satisin·

226 2252 348 2330 telligis
368 2257 447 2315 banc
469 2257 593 2317 definiri
613 2260 841 2336 quaestionem,
864 2278 998 2338 aequum
1028 2280 1095 2320 non
1115 2273 1161 2318 ese.

226 2347 286 2407 nisi
308 2350 424 2410 auditis
445 2350 485 2410 iis
506 2351 668 2425 omnibus,
685 2370 816 2428 quorum
839 2353 994 2412 interesse
1017 2351 1158 2430 potestte

226 2441 291 2503 tuis
313 2447 347 2502 tu
369 2444 434 2521 ipse
450 2444 586 2506 Litteris
608 2446 768 2523 profiteris
783 2465 802 2506 a
819 2445 1059 2522 quaestionibus
1074 2461 1164 2526 prone

225 2537 347 2610 vendis,
370 2538 523 2615 rebusque
545 2539 609 2601 tuis
630 2539 824 2616 adaugendis
838 2538 975 2598 alienum
997 2543 1033 2599 te
1048 2559 1116 2600 esse
1132 2540 1168 2595 bn

226 2631 464 2708 temperarem
485 2632 522 2690 de
542 2631 697 2709 religione
720 2632 827 2710 agitur
842 2632 881 2691 ab
903 2631 1044 2692 hostium
1067 2647 1171 2711 aggres-

225 2724 365 2786 sionibus
378 2724 580 2787 defendenda.
597 2727 698 2792 Quare
713 2725 762 2784 his
778 2723 875 2786 animi
888 2725 936 2784 tui
949 2725 1095 2786 sensibus
1107 2741 1172 2784 nun·

225 2835 317 2897 quam
339 2819 416 2880 satis
437 2818 633 2880 celebrandis
654 2818 786 2890 contisi,
812 2837 872 2878 non
899 2818 1094 2892 dubitamus,
1116 2815 1171 2894 quin

227 2911 448 2974 deliberationi
476 2916 601 2973 nostrae
629 2913 823 2986 adhaerens,
851 2911 1094 2988 apostolicarum
1115 2923 1173 2987 quai

225 3004 286 3065 tibi
307 3005 533 3078 concessimus,
553 3005 741 3065 facultatum
762 3022 818 3082 ope
832 3046 840 3076 ,
856 3008 890 3063 et
914 3004 1067 3064 dioecesis
1086 3007 1174 3078 Augu·

226 3099 435 3172 stodunensie,
451 3103 485 3159 et
497 3101 687 3160 memoratae
709 3097 809 3176 partis
831 3096 983 3160 dioecesis
1005 3093 1173 3157 Senonensis

227 3191 350 3252 afflictis
372 3193 464 3252 rebus
485 3209 661 3267 succurras,
677 3194 825 3268 tuamque
847 3191 905 3252 hae
928 3190 1026 3252 etiam
1043 3191 1074 3250 in
1095 3195 1183 3262 reor}

229 3285 337 3344 tendas
367 3283 633 3358 sollicitudinem,
660 3300 716 3361 pro
744 3283 846 3343 salute
875 3282 1018 3343 fidelium
1049 3284 1183 3358 integro

227 3375 378 3436 dioecesis
398 3376 716 3454 augustodunensis,
736 3394 773 3436 ae
802 3375 904 3453 partis
925 3376 1077 3437 dioecesis
1095 3377 1183 3450 Seno,

227 3467 343 3544 nensis,
359 3471 452 3548 atque
473 3469 505 3530 in
527 3470 608 3543 Nos,
622 3472 656 3530 et
677 3469 879 3547 apostolicam
902 3468 986 3529 hanc
1007 3470 1112 3530 Sedem
1131 3465 1172 3524 ob·
