2456 4192
282 627 582 721 BENEVOLO
614 631 857 726 LECTORI

498 879 631 908 ..ι-..η-
716 871 726 882 ·

121 1272 340 1346 catholicam
357 1268 547 1342 Ecclesiam
571 1269 614 1340 ab
633 1270 757 1344 ultima
784 1271 892 1362 clapsi
920 1273 1045 1347 soeculi

74 1378 220 1470 periodo
239 1376 409 1448 acerrima
424 1375 664 1466 persecutione
686 1374 856 1460 diversari,
879 1377 970 1450 hano
984 1401 1045 1450 ou·

75 1491 150 1554 tem
173 1479 278 1550 modo
294 1477 351 1548 hio
366 1475 467 1548 modo
480 1475 551 1547 illic
566 1477 726 1550 acerbius
740 1476 927 1564 desaevire,
941 1501 1044 1552 nemo

79 1590 131 1656 est
154 1581 215 1675 qui
231 1581 377 1672 ignoret.
395 1581 617 1668 compertum
640 1599 779 1672 quoque
793 1587 1044 1673 estapersecu·

80 1685 214 1757 toribus
238 1703 309 1754 non
333 1680 438 1752 unius
461 1680 517 1752 vcl
540 1680 683 1754 alterius
702 1681 880 1754 haereseos
898 1683 1044 1775 patroci-

78 1789 179 1859 nium
205 1789 403 1876 susceptum
427 1783 544 1865 luisse,
558 1782 651 1875 quod
669 1783 794 1873 clapsis
809 1785 956 1858 saeculis
972 1807 1043 1858 non

78 1891 185 1964 semel
220 1888 368 1971 accidit,
394 1886 451 1958 scd
485 1887 600 1979 potius
635 1887 824 1960 catholicae
849 1889 1041 1982 religionis

77 1993 252 2087 imprimis
278 2012 361 2064 vero
388 1990 603 2081 spostolicae
630 1990 725 2062 Sedis
751 1991 807 2062 cui
835 1992 894 2063 illa
923 1992 1042 2096 inniti·

76 2104 160 2179 tur,
190 2093 439 2166 exterminium
469 2092 614 2176 intendi,
642 2093 727 2186 quin
751 2100 786 2164 et
811 2094 926 2187 ipsum
953 2094 1042 2168 solvi
1083 2129 1088 2136 ·

77 2200 406 2279 christianismum,
431 2194 565 2266 diabolo
589 2195 654 2265 sub
676 2195 744 2266 olio
771 2216 906 2288 semper
932 2197 1042 2290 specie

76 2300 269 2372 Ecclesiam
299 2303 532 2390 oppugnante.
563 2296 662 2381 Quod
690 2297 829 2390 quidem
855 2301 919 2372 etsi
951 2301 1041 2372 frau-

76 2404 238 2474 dulenter
250 2423 309 2492 per
320 2400 575 2491 philosophiam
591 2407 625 2470 et
642 2399 763 2470 inanes
775 2401 940 2484 fallacias,
953 2401 1039 2494 quin

77 2511 112 2576 et
134 2505 208 2595 ipso
223 2503 395 2574 Ecclesiae
416 2502 460 2572 ad
485 2502 657 2593 puriorem
673 2509 708 2574 et
730 2507 937 2576 sanctiorem
960 2525 1040 2576 nor·

76 2629 170 2678 mam
194 2606 407 2678 revocandae
420 2612 599 2697 praetextu
614 2612 730 2678 actum
746 2609 863 2690 fucrit,
883 2607 974 2678 haud
989 2612 1039 2678 ta·

77 2733 170 2792 men,
189 2709 324 2802 quotics
348 2709 489 2800 impune
512 2707 622 2794 licuit,
640 2710 810 2802 parcitum
833 2715 886 2784 est
908 2713 1037 2795 armis,

76 2822 111 2886 ct
133 2812 390 2884 crudelissimae
422 2805 625 2884 violentiae.
651 2817 694 2884 ut
720 2813 814 2884 hisce
845 2815 946 2885 malis
976 2835 1038 2906 pro

76 2938 140 2990 suo
162 2915 278 2986 debito
307 2923 344 2986 et
365 2935 461 2985 more
484 2916 680 3006 Apostolica
703 2915 804 2988 Sedes
826 2924 1035 3003 occurreret,

76 3021 144 3091 duo
173 3023 373 3090 constanter
393 3019 582 3108 praestitit:
607 3018 719 3110 primo
743 3019 883 3112 quidem
905 3042 1037 3094 errores

74 3121 267 3208 damnavit;
292 3119 353 3214 qui
376 3126 492 3191 autem
508 3121 633 3192 horum
656 3123 808 3215 magistri
825 3133 886 3196 aut
902 3126 1037 3218 patroni

74 3229 227 3308 luerunt,
241 3245 299 3295 eos
311 3223 453 3295 detectis
467 3224 643 3296 fraudibus
655 3224 941 3300 dissimulationis
954 3248 1037 3300 suae

75 3331 322 3419 integumentis
354 3327 512 3400 nudavit.
542 3328 673 3397 Deinde
700 3330 867 3402 Ecclesiae
899 3331 1034 3414 ordini,

74 3430 268 3514 fraudibus,
282 3430 331 3513 vi,
351 3451 391 3502 ac
406 3431 587 3501 manifesta
602 3431 708 3502 etiam
720 3431 947 3528 insectatione
961 3455 1033 3526 pcr-

74 3534 225 3615 turhato‚
251 3531 325 3625 ipso
341 3533 536 3626 Apostolioa
552 3533 654 3608 Sedes
670 3536 859 3619 consuluit,
875 3535 1032 3619 decretis,
