2364 4198
242 287 421 350 firmissime
442 271 474 344 in
497 289 657 365 posterum
672 285 736 345 Vos
755 285 838 363 ipsos
860 287 1029 348 devoretis.
1050 277 1169 366 Splendet

243 384 354 443 crebra
375 383 433 442 illa
453 385 486 441 ct
507 383 711 441 vehementer
732 381 871 458 repetita
891 382 996 443 cultus
1015 381 1045 442 in
1063 383 1148 443 NosV

243 477 302 538 stri
318 475 518 555 significatio,
541 494 560 537 a
579 492 641 552 qua
661 474 762 533 solum
776 474 945 535 derivando
960 476 1102 548 asseritis,
1114 495 1144 552 qu

240 591 281 633 ex
301 577 461 649 pastorum
489 569 663 647 regimine,
685 572 718 628 at
738 585 778 628 er
800 569 907 646 gregis
927 571 1098 630 obedientia
1120 570 1166 628 iore

243 665 379 727 credatis
401 664 458 744 (1).
481 664 605 724 Emicat
625 681 795 742 generosus
816 663 932 724 mentis
950 665 1053 737 ardor,
1067 681 1167 741 quonor

242 761 334 820 modo
355 759 497 837 pericula
517 757 613 830 ferre,
637 759 688 818 sed
711 757 797 818 ultro
818 757 913 817 etiam
935 758 1035 831 adire,
1056 776 1088 816 ac
1105 757 1157 834 plan

242 870 412 930 exposcere
427 869 484 928 pro
500 854 623 910 vestrae
639 848 841 926 professionis
860 849 1017 926 dignitate
1033 855 1140 927 atqueg
1166 865 1167 870 ¹

241 947 291 1007 ria
311 943 482 1016 videmini3
507 961 577 1002 cum
605 942 764 1020 illustrem
788 941 986 1002 Baiocensem
1006 942 1117 1004 Antisti

241 1042 433 1117 eundemque
462 1036 690 1098 (lancellarium
717 1036 867 1095 Vestrum
891 1035 1073 1107 intuentes,
1098 1035 1167 1095 onnit

242 1134 339 1195 Vobis
360 1133 465 1211 potius
493 1129 698 1208 perpetienda
722 1145 789 1188 esse
811 1128 944 1202 ducitis,
966 1147 1060 1206 quam
1078 1148 1095 1188 a
1110 1131 1164 1188 rect

241 1246 389 1306 umquam
411 1225 573 1303 proposito
594 1222 764 1283 declinare.
782 1222 922 1282 Grandia
940 1227 1017 1283 sunt
1030 1225 1100 1296 ista,
1112 1239 1165 1299 egre·

240 1322 294 1399 gia
307 1328 340 1381 et
354 1340 373 1381 a
387 1318 482 1379 Vobis
503 1319 603 1378 solum
618 1316 801 1394 Vestrisque
815 1315 970 1377 similibus
982 1315 1157 1395 exspectaris

238 1415 382 1493 Pergite,
398 1414 607 1485 obsecramus,
622 1411 654 1471 in
670 1415 736 1472 tam
749 1411 901 1472 laudabili
916 1411 1057 1489 incepto,
1067 1409 1157 1474 Nostris

240 1528 299 1586 que
311 1507 439 1567 monitis
451 1509 484 1566 et
495 1505 655 1582 evulgatis
666 1523 684 1564 a
695 1504 838 1582 proxime
853 1504 958 1581 elapso
970 1523 1077 1566 mense
1087 1503 1161 1566 Martio

239 1601 361 1663 litteris
389 1600 528 1660 fideliter
555 1599 740 1672 inhaerete3
757 1591 837 1678 ‘cum
865 1600 1055 1676 praesertim
1081 1595 1164 1660 afflicti

237 1696 337 1774 ipsius
352 1693 442 1771 regni
457 1693 549 1752 rebus
560 1692 721 1770 insperata
734 1690 855 1751 auxilia
866 1693 1046 1754 ostenderit
1056 1689 1162 1768 Desisti).

236 1797 317 1855 Eum
338 1791 430 1852 enixe
452 1795 610 1868 rogamus,
633 1793 670 1849 ut
690 1791 728 1850 ad
751 1789 890 1849 salutare
905 1790 1117 1868 magisterium
1128 1791 1165 1848 Ve-

237 1889 339 1946 strum
353 1884 449 1962 probe
463 1883 691 1960 exsequendum
709 1881 810 1966 ritem
823 1881 912 1960 vobis
924 1889 1045 1962 augeat
1058 1887 1089 1944 et
1101 1882 1164 1948 vireu

236 1998 273 2040 ac
294 1983 330 2039 ut
351 1980 487 2038 mentem
503 1978 651 2037 Vestram
667 1979 817 2054 perpetuo
832 1976 962 2055 spiritus
984 1979 1037 2038 sni
1058 1973 1165 2038 lucecol·

235 2073 365 2133 lustret.
389 2073 514 2132 Interea
539 2068 647 2143 Vobis,
672 2068 865 2146 singulisque
887 2070 978 2130 sociis
1001 2070 1118 2130 Vestris
1136 2068 1164 2124 be

236 2165 442 2226 nedictionem
459 2162 662 2239 apostolicam
682 2166 884 2239 peramanter
904 2162 1115 2240 impertimur.

294 2262 409 2320 Datum
436 2259 554 2318 Romae
582 2256 662 2333 apud
690 2256 838 2315 Sanctam
865 2257 999 2318 Mariam
1028 2258 1160 2322 Maiores,

235 2350 285 2412 die
298 2353 345 2412 IX
359 2351 433 2412 Iulii
446 2349 636 2423 Muuuxul,
650 2348 857 2410 Pontificatus
870 2350 980 2413 Nostri
994 2353 1087 2413 Auno
1097 2345 1159 2411 nrt

809 2444 914 2516 PIUS,
936 2445 990 2521 qui
1012 2464 1114 2524 supra.

297 2581 333 2635 (1)
349 2579 454 2637 Legitur
470 2571 540 2624 alibi:
559 2573 693 2623 credatur.
710 2572 784 2634 (Not.
797 2574 876 2626 Edit.
887 2575 971 2639 1800.)

198 2658 200 2661 ’
296 2656 331 2709 (2)
348 2655 395 2703 Ges
410 2662 557 2700 ressouroes
572 2653 735 2700 inattendues
752 2654 900 2711 ausquelles
910 2656 945 2702 Sa
955 2654 1166 2704 semmurum

233 2729 309 2780 doute
326 2730 458 2787 allusion,
476 2730 538 2776 c'sst
561 2727 706 2776 l'htroisme
722 2730 869 2776 surnaturel
884 2731 911 2776 et
926 2731 949 2776 si
964 2730 1026 2780 bien
1042 2721 1166 2780 sontem&

230 2806 386 2866 l’Episoopat
401 2805 531 2866 Frenpais,
548 2804 645 2851 o’estla
653 2804 758 2851 servem
767 2803 812 2851 des
822 2804 887 2852 boue
898 2805 1066 2866 Catholiques
1074 2803 1167 2853 usuum

230 2880 270 2928 les
286 2882 391 2939 classes,
404 2883 430 2928 et
439 2881 467 2928 la
476 2881 559 2928 seinte
570 2880 685 2928 violence
696 2893 743 2938 que
753 2881 823 2927 leurs
839 2880 935 2941 priores
945 2883 1097 2929 semblaient
1107 2873 1164 2926 deruit

231 2958 297 3005 faire
307 2959 322 3004 a
333 2959 360 3005 la
371 2957 457 3005 divine
474 2955 645 3014 misericorde,
658 2957 720 3005 c’est
737 2955 933 3005 l'amilioretion
948 2957 979 3004 ‹le
996 2957 1094 3017 l‘esprit
1107 2950 1164 3015 publi

122 3027 126 3032 ’
229 3048 290 3082 vers
305 3032 419 3093 l'epoque
437 3032 471 3080 ori
480 3034 505 3080 le
516 3037 584 3091 Pape
594 3031 701 3080 terivait
711 3045 740 3080 ce
750 3033 818 3081 Brei.
838 3037 876 3081 La
891 3031 1005 3081 revision
1015 3033 1123 3082 de'l’scte
1131 3037 1164 3074 cor

229 3109 391 3158 stitutionnel
399 3122 432 3156 en
442 3109 515 3157 avait
523 3109 572 3154 mis
582 3109 608 3156 le
618 3108 739 3155 ieiblesse
750 3107 918 3166 idiotarum,
931 3110 957 3156 et
966 3109 1042 3156 rallit
1059 3111 1096 3156 les
1109 3103 1165 3162 suit⁸

229 3183 317 3236 fldbles
333 3184 424 3246 auprts
435 3184 559 3232 desvrais
568 3185 703 3244 principes.
721 3185 822 3232 Bieuttt
837 3184 951 3234 l'audace
967 3185 1013 3233 des
1028 3178 1165 3238 recteest

227 3261 364 3310 luterrenr
380 3259 509 3320 ripandue
526 3261 622 3319 parmis
643 3261 681 3307 les
702 3263 846 3308 courtisans
856 3262 928 3308 etles
938 3262 1076 3318 Parisions,
1087 3251 1163 3312 compti·

227 3339 326 3384 merent
341 3338 387 3385 des
407 3336 555 3397 septrences
575 3338 640 3386 daus
656 3339 792 3396 lesquelles
811 3339 831 3384 il
849 3352 866 3396 y
883 3339 954 3386 avait
975 3351 1065 3386 encore
1086 3335 1163 3395 quatur·

229 3413 305 3459 chose
321 3412 351 3460 de
367 3415 424 3472 trop
440 3413 554 3470 humeln,
565 3414 591 3460 et
600 3412 732 3461 tinnirent
748 3427 809 3462 sous
819 3415 914 3473 lejoug
923 3413 955 3462 ds
969 3409 1163 3474 latyrauniel'tl·

228 3487 304 3538 sonu
319 3490 417 3550 Royale
432 3491 457 3537 at
473 3490 622 3549 Religieuse.
640 3487 717 3552 (Not,
730 3488 807 3540 Edit.
819 3487 903 3550 1800.)
