2492 4202
428 201 609 262 -283-

39 302 249 365 nedictionem
271 322 311 364 ex
332 304 448 366 intimo
469 309 601 384 paterno
622 308 715 368 corde
730 309 932 385 peramanter
945 307 1024 372 im-.

39 396 210 473 pertimur.

93 494 213 552 Datum
235 465 350 554 Romae
372 493 455 569 apud
478 494 511 553 S.
529 495 661 554 Petrum
682 494 739 553 snb
759 493 875 554 ennulo
897 492 1005 554 Pisce-

38 584 126 659 toris,
139 586 291 740 {121}OE
312 587 423 648 Martii
447 589 656 662 MDOOXGII,
675 588 882 649 Pontificatus
894 581 1004 651 Nostri

38 696 114 739 enno
252 723 260 739 .

610 773 719 848 PIUS,
736 773 790 850 qui
805 792 909 850 supra.

452 953 597 1010 ΙΝΙΙΙ.

321 1071 459 1116 omnorrs
479 1073 571 1116 rmus
589 1073 720 1118 uosrrus

85 1214 120 1273 s,
155 1215 359 1276 ROMANAE
391 1192 614 1278 noctusmn
651 1149 953 1276 oleorunmssus
1003 1299 1013 1308 -

132 1309 189 1368 nr
211 1308 306 1400 unu.
322 1309 558 1369 rulrnurus
580 1306 912 1369 nncnmrrsoorrs

384 1403 437 1461 uu
459 1402 665 1464 urrsoorrs

77 1552 127 1614 Ac
148 1551 284 1614 Dilectis
302 1553 403 1613 Filio
416 1553 615 1615 Dioeocsium
632 1552 965 1612 Administratoritos

363 1645 473 1725 Requi
498 1645 686 1707 Galliarum

257 1799 428 1880 PIUS
473 1799 663 1877 PAPA
717 1797 785 1874 Vl.

46 1985 173 2046 Dileott
194 1984 279 2044 Filii
301 1986 432 2057 Nostri,
447 1987 534 2044 ven.
549 1987 700 2055 Fratres,
713 1999 754 2045 ao
767 1983 896 2044 Dileott
910 1979 1004 2052 Filii,

134 2081 288 2140 se1ntem
303 2083 338 2139 et
357 2080 594 2149 Apostolioom
614 2078 908 2138 Benedictionem.

102 2268 139 2327 ln
163 2265 380 2343 gravissimis,
403 2268 436 2344 et
456 2265 683 2342 multiplicibus
704 2266 807 2338 curis,
830 2283 926 2342 ques,
950 2283 1006 2343 pro

49 2357 209 2418 commissa
234 2357 331 2419 Nobis
359 2375 378 2416 c
406 2376 549 2434 supremo
577 2360 743 2419 Pastorum
770 2358 916 2435 Principe
937 2359 1007 2419 Iesu

49 2455 173 2516 Christo
185 2455 320 2515 omnium
332 2456 542 2516 Ecclesierum
558 2455 785 2529 sollieitudine,
801 2457 924 2516 assidue
938 2474 1008 2516 sns-

50 2548 183 2610 tinemus
210 2550 392 2626 periculosis
421 2549 505 2609 hisce
535 2549 748 2626 temporibus,
772 2549 885 2626 quibus
913 2549 1007 2609 multi

49 2644 139 2706 nimis
161 2663 201 2705 ex
222 2662 331 2712 eorum
353 2661 480 2705 numero
502 2661 569 2702 esse
585 2644 746 2715 videntur,
762 2661 838 2719 quos
851 2660 1008 2720 praenun-

51 2738 147 2799 ciavit
160 2738 341 2815 Apostolus,
355 2739 415 2815 qui
427 2753 544 2796 sanum
556 2735 738 2795 doctrinam
750 2753 818 2795 non
830 2737 1004 2810 sustinent,

50 2841 77 2890 ct
98 2834 142 2894 ad
163 2849 224 2892 suo
245 2831 408 2893 desideria
435 2839 660 2892 coacervantes
686 2832 749 2891 sibi
769 2834 962 2908 mopistros,
987 2850 1008 2892 a

51 2929 187 2986 veritate
207 2926 358 2985 auditum
380 2931 545 2997 avertunt,
564 2943 623 2984 nou
639 2924 725 2985 eliud
747 2925 886 3001 profecto
907 2925 1006 2986 maius

51 3037 146 3097 neque
169 3016 332 3078 iucundius
346 3018 529 3094 experimur
542 3017 701 3090 solatium,
717 3035 809 3095 quem
823 3035 893 3078 cum
908 3037 1007 3078 vene-

52 3112 165 3172 rabiles
186 3112 303 3172 fratres
325 3109 499 3186 episcopos,
512 3109 566 3185 qui
581 3110 613 3168 io
628 3111 765 3171 eiusdem
780 3110 1009 3172 sollicitudinis

51 3205 184 3267 Nostrae
213 3205 336 3280 partem
356 3202 461 3262 vocati
484 3206 578 3276 sunt,
601 3205 639 3263 ad
668 3205 895 3281 exsequendum
917 3203 1009 3264 officii

53 3299 97 3359 sui
119 3299 272 3369 debitum,
288 3295 387 3359 alacri
401 3298 589 3371 strenuoque
611 3297 712 3356 animo
726 3297 906 3357 incumbere
921 3296 1008 3357 novi-

53 3409 131 3467 mus,
152 3410 188 3454 cc
210 3382 450 3468 diligentissime
471 3405 594 3461 curare,
617 3392 654 3448 ut
674 3390 779 3467 gregis
800 3390 875 3467 ipsis
896 3391 1009 3451 crediti

55 3484 147 3547 saluti
169 3482 407 3563 opportuniori,
432 3501 493 3561 que
513 3481 584 3541 fieri
603 3485 730 3560 potest,
752 3483 874 3544 ratione
902 3503 1011 3546 consu-
