2374 4196
319 277 397 340 carii
418 277 582 340 Generalis
602 277 718 355 Angeli
732 278 760 336 d’
774 279 904 355 Eymar.
921 280 1097 355 &spondet

321 373 358 433 de
380 371 539 449 postulato
566 370 653 430 circa
675 369 1030 450 excommunicationem
1056 371 1098 432 lc·

320 469 449 526 rendam
470 469 582 528 contra
602 467 774 525 intrusum.
798 467 839 526 Et
859 465 1035 540 plenariam
1052 467 1100 526 in·
1175 459 1176 480 ³

321 559 516 638 dulgentiam
538 558 682 620 concedit
701 559 907 620 visitantibus
931 561 1099 622 Ecclesiam

321 653 554 726 (lathedralem,
575 654 697 729 quando
717 653 900 716 solemnitas
921 654 1102 718 reconcilio·

322 747 420 807 tionis
441 747 539 824 ipsius
558 745 771 806 celebrabitur
811 789 820 806 .
864 789 873 806 .
919 789 929 808 .
975 791 983 807 .
1023 766 1099 824 pcc.
1117 747 1166 809 201

223 840 300 903 1791
322 839 343 899 6
363 837 635 900 Iulii-Evenissc
655 839 798 900 condem.
821 841 998 902 Lndovico
1022 844 1102 902 XVI

321 935 532 994 Francorum
553 933 652 1002 nem.
675 932 864 993 Gratulatus
885 932 1000 1006 eidem,
1022 935 1100 1011 quod

323 1044 391 1087 cum
406 1026 555 1086 universa
568 1025 658 1102 regia
669 1024 802 1099 familia,
817 1044 857 1086 ex
870 1026 1044 1086 Parisiensi
1058 1027 1103 1088 ei·

324 1119 496 1180 lecatorum
518 1119 677 1178 hominum
699 1118 917 1192 immanitate,
947 1120 996 1180 uti
1024 1122 1103 1180 Pnu-

323 1213 402 1274 tiiex
424 1215 602 1290 acceperat,
624 1213 750 1274 tandem
765 1213 890 1290 elapsus
905 1213 970 1274 iam
985 1214 1018 1274 in
1033 1218 1102 1276 tuto

323 1308 512 1370 consisteret
550 1351 1044 1372 ..........
1085 1328 1103 1371 »
1120 1308 1169 1371 tut

264 1421 283 1466 »
323 1403 439 1466 iilulii
467 1432 483 1450 ·
508 1400 709 1478 Accepimus.
732 1405 874 1464 Rectori
894 1408 932 1463 et
954 1406 1104 1476 syndtoo
1179 1415 1180 1446 ³

324 1497 487 1556 Generalt
506 1497 754 1556 universitatis
780 1499 954 1557 cartonen.
981 1499 1103 1558 Laudat

325 1587 568 1654 declarationem
589 1605 697 1648 eorum
719 1590 756 1647 de
777 1589 878 1649 civico
900 1590 1101 1663 iurament03

324 1686 419 1762 atque
440 1683 599 1754 hortatur,
623 1683 704 1742 utin
721 1683 881 1760 proposito
895 1685 1104 1744 maneantad·

327 1794 420 1836 versa
445 1793 584 1853 quaeque
612 1775 810 1853 perferendi,
840 1795 879 1837 nc
905 1793 926 1838 a
952 1777 1103 1838 catholica

324 1870 481 1948 religione
501 1869 648 1929 deficiant
658 1913 1045 1932 ........
1085 1865 1170 1930 »202

266 1981 285 2024 »
325 1965 367 2025 27
387 1961 551 2023 Iulii-Ec
568 1963 750 2024 cattorum.
763 1967 918 2034 Angusto
932 1964 1102 2035 Episcopo

326 2057 467 2130 semen.
485 2058 568 2117 Rata
589 2055 684 2115 habet
704 2058 737 2114 et
756 2055 919 2127 concedit,
949 2074 1029 2132 quae
1050 2073 1102 2133 pro
1182 2084 1183 2110 n

326 2166 433 2209 rerum
452 2147 637 2208 necessitate
652 2147 822 2225 Episcopus
833 2148 995 2224 flagitavit
1035 2191 1043 2208 .
1084 2144 1168 2207 »211

267 2258 287 2303 »
326 2243 367 2305 30
388 2241 560 2303 Iulii-Ita
579 2235 687 2301 Notis.
702 2245 856 2304 vicarlis
877 2245 1102 2304 Generallbns

329 2338 484 2407 capituli
495 2337 725 2408 corisopiten.
747 2337 819 2398 sede
841 2340 985 2397 vacante.
1002 2335 1102 2396 Mittit

328 2428 365 2492 ad
388 2431 447 2489 Eos
469 2429 654 2506 rescriptum
676 2443 730 2488 seu
751 2429 934 2502 decretum,
967 2447 1028 2506 quo
1054 2445 1104 2488 ex·

326 2521 556 2583 traordinariee
578 2522 746 2584 facultates
767 2523 821 2582 uni
840 2541 950 2582 eorum
966 2520 1103 2583 concedit

326 2618 484 2696 potestate
504 2617 627 2675 easdem
649 2615 826 2693 delegandi.
846 2615 963 2678 Differt
982 2609 1104 2691 respen-

329 2727 396 2769 sum
418 2709 516 2785 quoad
539 2708 701 2786 proposita
715 2709 810 2767 dubia
824 2750 1045 2770 .....
1086 2701 1171 2765 »212

268 2819 287 2864 »
327 2803 637 2882 Iulii-Rescriptum
660 2806 773 2864 Sacrae
788 2802 1048 2882 Congregationis
1068 2802 1103 2860 de

326 2899 420 2976 Prop.
437 2896 526 2970 Fide,
548 2917 610 2974 quo
633 2899 847 2958 conceduntur
867 2901 901 2956 et
924 2913 1104 2958 enumeran-

326 2993 381 3049 tur
401 2990 674 3051 extraordinariae
690 2989 857 3051 facultates
872 2989 925 3050 uni
942 3007 982 3050 ex
1001 2992 1098 3049 Vica-

326 3086 392 3143 riis
418 3085 572 3155 capituli
587 3085 817 3154 corisopiten.
839 3102 858 3143 a
879 3084 1007 3142 Summo
1029 3085 1104 3142 Pon·

325 3177 411 3238 tilice
436 3195 598 3240 concessae
619 3178 753 3238 durante
773 3175 931 3238 Ecclesiae
953 3176 1041 3236 illius
1059 3175 1105 3235 ri·

329 3272 450 3331 duitate
472 3276 522 3330 etc
525 3312 1047 3332 ...........
1088 3265 1171 3328 »214

270 3378 290 3423 »
331 3365 369 3424 17
389 3364 525 3441 Augusti
546 3395 561 3411 ·
579 3364 677 3426 Hisce
696 3365 832 3425 Noutria.
854 3367 1005 3436 Iosepho
1029 3365 1104 3435 npt-

330 3473 437 3530 eoopo
450 3460 624 3529 Urgellen.
648 3457 754 3518 Mittit
774 3455 977 3535 rescriptum,
992 3475 1051 3534 quo
1063 3457 1107 3518 ta-
