2456 4192
236 270 279 331 sit
300 269 446 330 sacrificii
468 269 599 345 domus,
625 267 805 331 sanctitatis
834 269 1026 348 hospitium,
1049 271 1125 330 aula
1147 271 1212 331 Dei

235 363 328 424 vivii
348 365 448 430 Quam
469 364 637 425 absurdum
659 382 763 426 sacras
785 368 912 436 vestes,
934 364 1087 425 altarium
1109 382 1213 426 orna-

236 460 362 530 menta,
385 461 479 534 atque
501 457 681 518 universam
710 457 940 536 supellectilem
961 457 1014 516 vel
1036 459 1209 518 vetustata

236 550 456 627 squallentem,
479 552 513 610 et
533 553 733 626 conscissam,
750 553 801 612 rel
820 551 963 612 sordibus
984 550 1142 613 foedatam
1160 553 1211 612 in·

177 651 179 655 ’
236 643 335 717 tueri;
357 659 494 705 mensam
514 650 619 706 autem
634 644 772 723 episcopi
793 643 954 722 splendide
975 650 1133 721 paratam,
1150 663 1211 706 sa-

236 737 373 822 cerdotis
393 737 577 799 indumenta
599 737 803 814 nitidissima,
826 740 918 798 etad
940 739 1077 819 multam¹
1097 757 1210 799 venu-

237 833 352 891 statem
372 832 568 909 compositas
595 833 746 898 Onuntue
766 834 971 910 confusionis
993 833 1208 909 opprobrium

236 936 292 998 est,
317 930 353 986 ut
374 927 535 1004 praeclare
556 927 683 1004 scripsit
704 929 738 988 S.
752 930 868 988 Petrus
882 926 1027 988 Damiani
1041 925 1100 1003 (l),
1116 929 1210 1003 qnod

236 1023 392 1080 nonnulli
419 1023 457 1080 in
485 1021 648 1098 squallido
677 1023 777 1080 linteo
803 1023 1003 1081 dominicum
1032 1037 1146 1096 corpus
1177 1030 1209 1080 et

236 1116 387 1190 offerunt,
404 1123 436 1174 et
456 1116 644 1185 involvant·
654 1123 685 1174 et
696 1114 783 1192 qnod
795 1132 864 1174 non
876 1116 1074 1191 dignaretur
1085 1123 1208 1191 potens

236 1210 383 1283 quilibet,
400 1210 460 1284 qni
480 1216 592 1268 tumen
612 1211 730 1269 vermis
750 1216 806 1281 est,
820 1211 966 1290 propriis
987 1208 1141 1269 adbibere
1159 1212 1209 1268 lu·

237 1299 309 1371 biis,
327 1303 365 1360 in
385 1301 443 1360 boc
464 1303 522 1361 isti
542 1317 656 1377 corpus
676 1319 745 1361 non
765 1310 922 1361 verentur
943 1304 1109 1378 imponere
1130 1300 1206 1362 Sul·

177 1445 179 1450 .
237 1396 381 1453 autoris!
395 1394 440 1453 At
452 1393 516 1452 Vos
537 1395 624 1468 certe
638 1393 773 1468 quidem,
790 1393 987 1455 venerabiles
1001 1395 1147 1463 Fratres,
1166 1396 1207 1454 ab

237 1486 330 1546 huius
354 1484 566 1564 negligentiae
594 1485 727 1546 crimine
753 1485 1013 1547 disiunctissimos
1035 1487 1206 1548 existima-

237 1597 317 1652 mus,
339 1581 392 1646 cui
410 1580 579 1641 obstrictos
599 1580 735 1640 maxime
757 1582 829 1641 vult
850 1585 976 1642 sanctus
989 1582 1071 1642 idern
1093 1583 1207 1643 Cardi-

238 1674 320 1734 nalia
341 1692 405 1747 eos,
426 1675 481 1752 qui
501 1693 542 1735 ex
562 1675 728 1752 adquisitis
749 1676 1016 1737 Ecclesiae‘bonis
1036 1695 1096 1738 non
1111 1679 1205 1738 codi-

237 1785 287 1830 ces
307 1772 434 1843 emunt,
457 1787 525 1829 non
545 1777 764 1841 ornamenta,
786 1786 854 1828 non
874 1772 1033 1830 utensilia
1053 1773 1121 1830 suis
1141 1772 1207 1832 Ec·

239 1864 345 1924 clesiis
365 1867 562 1939 comparaut3
584 1864 636 1922 sed
657 1863 690 1922 iu
710 1880 781 1922 suos
803 1880 877 1922 usus
890 1863 980 1940 quasi
994 1865 1207 1924 necessitudi-

238 1959 292 2017 nis
307 1965 452 2034 sumptus
465 1961 579 2017 cuncta
600 1957 764 2034 prodigere
783 1973 843 2015 non
865 1957 1120 2033 perhorrescunt.

297 2053 340 2110 De
363 2050 412 2109 his
433 2049 534 2127 igitur
550 2049 718 2111 Vobiscum
732 2051 876 2110 amanter
890 2048 987 2126 loqui,
1004 2049 1205 2110 venerabiles

237 2144 383 2216 Fratres,
399 2160 457 2201 non
473 2142 588 2202 inutile
602 2159 670 2202 esse
690 2142 871 2219 putarimus
884 2144 923 2202 ad
937 2142 1075 2221 optimae
1088 2143 1205 2204 volun·

238 2237 315 2298 tatis
337 2239 464 2296 vestrae
485 2235 769 2296 confirmationem.
795 2236 841 2295 At
861 2236 961 2297 multo
987 2235 1119 2314 gravius
1141 2237 1203 2298 ali-

238 2330 311 2406 quid
334 2345 507 2388 sermouem
527 2329 702 2400 Nostrum,
725 2345 779 2387 seu
800 2327 904 2404 potius
924 2331 1116 2391 Nostrarum
1137 2330 1203 2388 vim

239 2422 441 2483 lacrimarum
463 2421 613 2498 exquirit,
638 2426 670 2481 et
692 2420 854 2496 vindicat3
877 2422 1028 2499 pestilens
1052 2423 1202 2482 nimirum

211 2586 214 2598 1
238 2515 294 2576 illc
316 2515 453 2588 morbus,
468 2531 558 2593 quem
579 2516 770 2576 Nostrorum
784 2519 962 2592 temporum
975 2515 1119 2594 nequitia
1133 2534 1203 2593 par-

239 2610 340 2685 turit3
364 2616 401 2670 ut
422 2608 595 2682 unanimes,
608 2609 844 2687 coniunctisque
858 2610 980 2670 viribus
995 2613 1201 2672 necessariam

239 2703 441 2764 adhibeamus
462 2701 664 2776 medicinam,
680 2721 718 2761 ne
741 2702 991 2762 dissimulatione
1011 2705 1131 2765 Nostra
1151 2703 1201 2762 in-

239 2797 388 2858 sanabilis
408 2795 440 2855 in
462 2795 603 2856 Ecclesia
622 2795 798 2869 nutriatur,
815 2800 910 2873 atque
924 2799 1087 2857 excrescat
1107 2797 1201 2874 pesti·

238 2892 349 2952 lentia.
359 2891 516 2949 Videntur
527 2888 609 2948 enim
621 2888 799 2948 novissimis
813 2889 862 2948 his
874 2889 983 2949 diebus
994 2889 1116 2950 instare
1128 2898 1201 2950 tem·

234 3002 319 3062 pora
340 2986 402 3044 illa
416 2985 613 3060 periculosa,
630 2983 668 3040 de
689 2982 800 3060 quibus
816 2979 1057 3060 praenunciavit
1077 2989 1200 3062 aposto-

239 3078 288 3138 lus
309 3077 428 3138 Paulus
443 3076 499 3154 (2),
512 3078 634 3153 quando
653 3093 762 3154 nempe
784 3079 881 3136 erunt
902 3075 1047 3136 immines
1067 3094 1100 3138 se
1120 3081 1199 3155 ipsos

240 3178 405 3241 umentes,
423 3172 520 3242 eloti,
536 3171 675 3246 superbi,
692 3171 880 3248 blasphemi,
893 3170 1090 3248 proditores,
1108 3175 1199 3231 voln-

237 3272 367 3342 ptutnm
389 3273 550 3324 amatores
569 3267 676 3342 magis
689 3282 789 3342 qnam
803 3264 876 3337 Dei,
893 3280 1017 3342 semper
1030 3264 1194 3335 discentes,

304 3395 338 3448 (1)
355 3392 411 3440 Lib.
423 3393 468 3439 IV.
480 3393 554 3452 epist.
567 3395 606 3440 14.
617 3393 678 3440 tom.
689 3394 711 3438 1.
723 3405 763 3452 op.
775 3391 836 3440 odit.
851 3404 914 3440 rom.
928 3394 998 3441 mos.

303 3472 338 3524 (i)
354 3469 390 3516 Ii.
402 3468 434 3515 ad
445 3469 554 3515 nimum.
566 3471 614 3515 ΠΙ.
