2456 4192
239 336 424 397 valebimus.
449 338 585 414 Gumque
607 356 688 398 nunc
709 353 899 410 censeamus,
919 337 1136 399 advocandam
1149 339 1205 398 No·

240 431 289 491 bis
306 449 373 491 esse
387 448 475 508 opem
489 432 559 492 VV.
576 433 728 492 Fratrum
742 432 979 509 Episcoporum,
994 447 1109 490 corum
1123 447 1205 508 prae·

240 523 330 601 cipue
344 567 352 597 ,
368 524 422 601 qui
442 523 563 584 aditum
584 526 622 584 ad
644 527 763 602 Regem
785 525 922 596 babent,
939 524 1118 602 quibusque
1139 541 1205 600 pro·

241 635 316 677 uum
336 619 386 677 est
407 617 524 695 optimo
545 618 613 678 eius
633 619 735 679 animo
757 619 930 692 insinuare,
945 637 984 678 ne
1002 620 1038 678 ad
1057 616 1205 695 pestilera

145 746 147 750 .
239 709 299 771 illa
318 711 446 771 decreta
473 711 639 773 sancienda
659 713 843 785 descendat3
866 711 982 772 idcirco
1004 712 1042 771 ad
1067 713 1116 771 Te
1138 725 1205 787 prae

156 801 162 812 '
240 803 355 864 ceteris
377 805 610 879 convertimur,
636 809 792 883 tamquam
816 807 855 866 ad
878 805 991 879 illum,
1007 804 1063 882 qui
1087 805 1128 865 ob
1150 820 1204 862 me·

240 896 317 972 rita,
340 898 566 977 collectamque
587 899 659 959 inde
680 898 959 974 existimationem,
982 899 1072 960 inter
1093 898 1203 977 primos

216 1007 274 1050 -oa
302 990 354 1050 illi
381 996 595 1069 peracceptus.
625 991 754 1053 Minime
784 994 926 1071 profecto
958 996 1112 1071 putamus
1137 1009 1202 1069 opus

241 1102 321 1160 esse,
335 1089 372 1146 ut
381 1086 454 1146 Tibi
476 1087 507 1146 in
529 1087 713 1148 memoriam
734 1087 786 1147 hic
806 1104 990 1148 revocemus
1004 1087 1121 1160 officia,
1134 1103 1202 1163 quae

239 1179 272 1238 in
293 1182 362 1240 Tua
382 1181 619 1241 consecratione
639 1181 795 1259 professus
817 1200 869 1255 es;
892 1182 1046 1259 siquidem
1069 1199 1134 1240 non
1156 1180 1202 1238 du·

241 1273 390 1346 bitamus‚
406 1272 464 1334 illa
484 1275 553 1352 ipsa
572 1275 696 1336 assidue
711 1279 797 1338 'luae
819 1278 918 1337 menti
940 1275 1121 1348 obversari,
1137 1290 1202 1351 quo·

241 1383 311 1426 rum
332 1366 531 1443 potissimum
552 1385 588 1428 ac
609 1369 780 1428 maximum
802 1368 882 1428 illud
909 1372 976 1443 est,
998 1371 1034 1428 ut
1057 1371 1202 1445 Regema

241 1458 335 1520 fatali
356 1460 521 1546 sanctione¹
536 1461 706 1537 dimoveas,
720 1482 758 1523 ne
773 1463 920 1541 seipsum,
936 1462 1132 1541 populosque
1152 1456 1202 1519 sibi

241 1552 397 1613 subiectos
418 1571 437 1614 a
457 1556 566 1633 Regno
581 1555 746 1616 Gaelorum
760 1556 920 1617 excludat.

300 1647 371 1706 Non
393 1646 575 1724 ignoramus
595 1650 747 1727 prolecto,
764 1648 866 1728 qualis
887 1650 975 1710 illius
989 1643 1142 1726 praesens
1154 1645 1199 1714 sit,

241 1758 393 1819 quamque
414 1742 681 1803 commiserandus
702 1747 816 1816 status,
833 1743 983 1802 nimirum
996 1741 1145 1821 populari
1159 1738 1201 1797 ob·

241 1835 353 1894 noxius
375 1835 570 1910 violentiae;
593 1837 644 1896 sed
668 1836 813 1896 novimus
828 1836 955 1910 ctiam,
978 1836 1046 1896 eius
1070 1835 1199 1895 animun

241 1947 261 1989 a
276 1930 461 2007 phrenetica
481 1930 687 1991 multitudine
709 1931 812 2009 abripi
830 1949 888 1991 non
903 1930 1037 2002 debere,
1054 1947 1147 2008 quae,
1161 1942 1200 1984 sa·

241 2025 304 2086 cris
330 2025 472 2085 omnibus
492 2026 683 2087 conculcatis
711 2024 868 2102 vinculis,
891 2023 1027 2085 incitata
1054 2023 1149 2085 furiis
1172 2019 1197 2076 io

242 2135 390 2195 praeceps
418 2117 555 2194 proruit.
586 2118 801 2179 Immutabilia
828 2122 915 2178 certe
940 2120 1015 2177 sunt
1040 2135 1100 2178 sua
1132 2127 1197 2187 erga

239 2215 339 2273 Deum
361 2211 471 2282 officia,
498 2229 596 2288 neque
623 2228 768 2289 umquam
791 2211 889 2273 ullam
910 2211 949 2270 ob
970 2227 1098 2270 causam
1118 2201 1197 2267 dissi·

240 2307 408 2380 mulanda;
430 2306 555 2366 etiamsi
576 2306 608 2366 in
631 2307 735 2367 animo
756 2306 883 2381 habeat,
899 2311 936 2367 ut
950 2303 1130 2367 immutatis
1143 2305 1197 2361 tam

240 2399 401 2476 perversis
423 2399 615 2477 temporibus
630 2399 667 2460 ad
683 2399 790 2460 eadem
805 2401 994 2478 praestanda
1008 2400 1195 2459 revertatur.

240 2494 305 2555 Nos
325 2492 385 2569 ipsi
406 2511 463 2571 per
483 2494 577 2554 huius
595 2493 657 2553 diei
672 2494 874 2555 tabellarium
888 2495 927 2553 ad
942 2498 1060 2573 Regem
1074 2493 1197 2556 Nostro

240 2587 429 2648 familiarem
452 2588 483 2647 in
506 2589 631 2648 modum
652 2588 760 2650 damus
773 2588 928 2663 Litteras,
941 2607 1073 2666 eumque
1089 2586 1137 2647 sui
1151 2581 1195 2642 ad-

240 2699 402 2742 monemus
424 2681 576 2755 muneris,
592 2701 627 2742 ac
648 2683 686 2743 ad
701 2681 912 2742 constantiam
925 2685 959 2742 et
974 2680 1194 2743 fortitudinem,

241 2778 359 2852 quanta
380 2775 582 2835 contentione
603 2793 783 2852 possumus,
807 2775 993 2835 inducimus.
1017 2776 1137 2837 Verum
1156 2767 1195 2826 Tu

240 2867 317 2945 ipse,
334 2868 386 2944 qui
408 2867 529 2927 eiusad
544 2885 637 2927 aures
657 2868 774 2940 adstas,
791 2885 847 2944 per
861 2868 969 2929 rivam
984 2885 1094 2928 rocem
1108 2859 1195 2924 multo

239 2961 395 3021 efficacius
416 2977 509 3038 agere
531 2959 662 3036 poteris,
678 2978 771 3036 quam
784 2962 851 3021 Nos
869 2979 926 3038 per
941 2964 1047 3021 mutae
1061 2954 1194 3035 scriptio·

241 3055 291 3114 nis
311 3071 497 3114 sermonem.
513 3051 614 3114 Valde
635 3052 736 3129 igitur
757 3054 953 3128 confidimus,
969 3058 1017 3128 ut,
1033 3057 1097 3116 Deo
1119 3046 1195 3112 adiu·

240 3149 348 3220 vante,
362 3148 498 3223 optimus
509 3149 731 3206 consecuturus
742 3147 785 3207 sit
796 3150 895 3208 Tuam
910 3150 1124 3225 praestantem
1137 3155 1194 3217 opt·

240 3258 309 3301 rem
331 3257 511 3314 successus3
532 3241 658 3318 Nosque
684 3259 703 3300 a
724 3243 770 3301 Te
789 3241 869 3301 illud
892 3241 1060 3302 habeamus
1080 3249 1195 3314 respon·

241 3351 332 3409 sum,
358 3334 439 3411 quod
461 3334 630 3395 maximam
659 3335 771 3395 afferat
799 3335 830 3395 in
860 3337 951 3395 tanta
978 3334 1075 3396 animi
1095 3319 1193 3394 Nostri

241 3427 439 3506 aegritudine
455 3429 712 3504 consolationem3
725 3428 858 3505 Tibique
872 3428 1024 3490 Divinum
1037 3425 1191 3506 spiritum.

241 3536 408 3601 perquem
430 3526 606 3600 opportuna
627 3540 664 3583 ao
684 3523 841 3584 salutaria
860 3521 1012 3598 loquaris,
1035 3521 1193 3600 imploran-
