2372 4198
627 287 666 302 ..
688 256 748 316 328
772 290 810 304 -

238 358 317 418 teris
339 359 457 420 nostris
481 360 519 421 19
550 360 672 437 Aprilis
700 360 781 421 datis
803 359 1005 422 extendimus
1031 359 1070 418 ad
1094 375 1181 416 unum·

237 470 389 530 quemque
410 458 552 514 vestrum
578 455 659 514 illud
680 454 861 529 indultum,
886 455 934 514 ita
955 454 1070 512 harum
1093 451 1181 528 rigore

237 547 433 606 extendimus
455 548 578 624 pariter
593 550 630 608 ad
652 566 805 625 quemque
820 551 964 608 vestrum
982 563 1094 606 earum
1110 545 1181 604 facul-

238 642 342 701 tatum
363 641 610 718 ampliationem.
626 643 706 710 Quin
722 643 814 719 plura
834 644 871 701 ad
886 659 1042 718 quemque
1065 659 1108 700 ex
1120 639 1181 698 vobis

238 733 382 809 exempla
409 734 496 812 typis
523 734 610 796 edita
639 735 726 795 mitti
751 735 989 807 mandavimus,
1008 751 1077 810 ‘quo
1099 734 1181 793 eaden

239 827 365 903 vulgari
379 827 569 904 diffundique
588 847 644 905 per
656 829 810 889 dioeceses
822 833 946 888 vestras
958 828 1098 887 faciatis.
1110 829 1183 886 Deua

188 908 192 919 ¹
238 921 398 998 Optimum
421 923 592 982 Maximum
614 928 796 1000 precantes,
815 929 850 983 ut
862 925 997 986 Nostros
1020 926 1183 996 vestrasque

239 1016 467 1076 sollicitudines
494 1036 549 1078 sua
578 1019 774 1096 benignitate
803 1018 952 1096 respiciat
976 1037 1014 1079 ac
1036 1018 1183 1088 secundet,

229 1111 366 1171 interim
393 1111 596 1188 apostolicam
626 1113 875 1172 benedictionem
905 1112 985 1185 tibi,
1012 1108 1183 1171 venerabilis

237 1205 376 1278 Frater,
403 1209 537 1282 tuaeque
558 1205 632 1271 fidei
664 1207 836 1266 commissis
863 1207 975 1266 ovibus
1005 1209 1183 1283 peramanter

238 1298 449 1374 impertimur.

298 1393 412 1451 Datum
433 1396 550 1456 Romae
571 1395 651 1470 apud
674 1395 706 1454 S.
724 1396 857 1454 Petrum
879 1394 936 1453 sub
951 1394 1083 1454 Annulo
1105 1393 1183 1466 Pisesl

240 1484 334 1558 toris,
351 1485 401 1544 die
415 1487 522 1546 XXllI
544 1487 626 1547 Iunii
647 1487 852 1561 MDGGXOII,
868 1486 1084 1546 Pontificatus
1097 1469 1183 1548 Nostri

239 1594 319 1637 anno
338 1579 454 1639 XVlll.

297 1672 410 1730 Eodem
432 1672 575 1750 exemplo
598 1673 749 1751 episcopis
765 1674 1080 1751 Carpentoractensi‚
1095 1671 1183 1750 Gabali

238 1763 359 1836 licensi‚
376 1767 575 1827 Vasionensi.

651 1939 793 1994 lam.

436 2061 598 2106 csnrssruo
608 2063 643 2105 ra
653 2062 782 2107 cnarsro
793 2063 876 2106 suno
884 2063 1009 2105 rosa-no

525 2180 917 2241 FRANOISGO

239 2327 436 2404 Hunpariac
450 2329 535 2408 chi
548 2329 746 2405 Apostolico,
763 2347 823 2389 occ
842 2346 909 2388 non
924 2329 1102 2388 Bobcmiac
1113 2319 1164 2394 licui

304 2419 444 2493 Illustrz',
468 2423 506 2480 in
526 2422 746 2480 Romanorum
767 2419 1003 2496 Imperatorem
1025 2423 1119 2480 electo.

452 2565 521 2642 ΡΙ
540 2566 579 2644 U
599 2565 625 2643 S
679 2566 714 2642 P
733 2564 768 2640 Α
784 2565 819 2642 P
837 2563 872 2639 Α
926 2563 996 2638 Vl.

393 2742 581 2800 carissime
602 2741 640 2800 in
661 2742 798 2800 christo
819 2739 890 2797 Fili
911 2741 1054 2798 Noster.
1180 2793 1181 2806 p

294 2889 485 2964 Responsum
497 2885 731 2945 humanissimis
739 2903 775 2946 ac
791 2883 1024 2944 iucundissimis
1036 2884 1174 2944 Caesareas

239 2979 417 3041 Maiestatis
439 2981 524 3040 Tuae
545 2979 681 3041 Litteris
702 2979 753 3039 die
775 2977 816 3038 25
835 2977 908 3037 iulii
929 2976 1027 3050 datis,
1048 2973 1179 3044 Nobisqn

240 3091 340 3150 nuper
370 3073 543 3134 redditisa
570 3073 684 3134 dilecto
707 3073 815 3146 Filio,
841 3069 947 3132 Nobili
979 3069 1049 3128 viro
1077 3067 1175 3125 locust

144 3223 149 3244 χ
239 3167 471 3242 Nepomoceuo,
496 3167 528 3226 S.
545 3168 585 3226 R.
603 3167 627 3225 l.
650 3164 799 3241 Principe
822 3162 922 3238 clary
944 3165 983 3222 ab
1006 3161 1177 3232 Aturaupea

242 3259 354 3336 quibus
374 3260 599 3322 faustissimam
618 3258 716 3319 Nobis
737 3258 799 3318 Tui
821 3257 853 3316 in
876 3257 1082 3316 Romanorum
1100 3252 1140 3309 lm

241 3357 379 3414 ratorem
402 3352 559 3413 nunciasti
575 3350 773 3424 electionem,
789 3351 915 3410 differre
932 3349 1083 3417 debemus,
1096 3335 1176 3418 quoti

241 3445 370 3523 expleta
393 3451 500 3505 cetera
531 3444 612 3518 sint,
644 3461 723 3521 quae
751 3445 788 3504 ad
817 3445 899 3503 hunc
934 3436 1175 3520 exoptatissima

240 3543 387 3599 eventum
409 3540 584 3617 pertinent,
600 3539 778 3616 peragenda
792 3554 848 3615 per
867 3539 935 3600 Nos
950 3536 1056 3596 officia.
1070 3525 1173 3593 lateri!
