2386 4194
20 364 139 407 ruamus,
153 351 280 410 Demum
297 368 335 411 ea
355 351 512 414 effecimus
527 371 562 412 ac
584 353 773 430 pertulimus
787 349 904 423 omnia,
918 347 944 409 si

20 442 149 516 quomode
168 442 322 515 leuitate,
344 463 380 506 ac
401 445 558 522 patientia
578 445 831 508 Nostraeritare
844 460 947 520 posse·

18 551 67 592 mus
77 535 256 611 deplorabile
270 536 416 610 schisma,
425 557 461 598 ac
473 556 579 615 pacem
594 541 674 617 apud
690 540 766 612 Vos,
780 539 946 598 Vestram-

17 645 59 702 que
73 628 228 689 Nationem
257 648 419 690 revocare.
439 631 518 699 Quin
541 637 574 692 et
602 632 701 692 adhuc
723 628 876 708 susceptis
892 645 946 705 pa·

17 721 99 787 urnae
117 721 283 783 charitatis
297 723 439 783 consiliis
466 723 678 796 inhaerentes,
693 731 772 800 quae
794 719 858 783 Nos
885 719 945 797 ipsi

17 814 86 874 Vobis
104 833 165 875 csse
185 818 360 894 proposita,
375 817 406 876 iu
422 819 554 878 Vestrae
574 817 780 895 expositionis
792 816 881 876 exitu
897 833 947 874 co·

20 907 164 983 guerinus,
187 929 206 970 a
228 910 324 970 Vobis
345 911 502 988 petimus,
525 913 648 988 Vosque
670 912 886 982 obsecramus,
909 911 946 968 ut

21 1001 85 1060 Nobis
108 1019 280 1078 exponere,
304 1020 340 1062 ac
367 1004 528 1065 declarare
555 1003 681 1077 velitis,
704 1004 852 1080 quidnam
879 1013 946 1062 esse

20 1091 138 1169 iudicetis,
160 1098 242 1173 quod
266 1115 346 1157 nunc
368 1100 588 1175 praestandum
601 1118 629 1159 a
648 1097 746 1160 Nobis
768 1097 823 1168 sit,
846 1095 883 1156 ad
898 1112 948 1153 as·

19 1192 167 1265 sequendam
190 1191 367 1250 animorum
390 1190 655 1252 conciliationem.
673 1192 759 1259 Quod
773 1191 839 1252 Nos
861 1190 947 1248 certe
1021 1255 1027 1266 ,

18 1280 39 1337 in
54 1286 128 1342 taum
147 1283 289 1343 locorum
311 1283 463 1346 distantia
490 1303 658 1364 agnoscere
680 1304 741 1344 non
772 1297 947 1362 possumus3

18 1375 187 1451 Vcbisuerc,
210 1379 263 1454 qui
292 1379 325 1439 in
347 1399 382 1441 re
404 1381 560 1459 praesenti
583 1379 676 1451 estis,
698 1395 865 1439 occurrere
886 1374 949 1433 for·

19 1471 76 1530 tasse
93 1474 210 1550 poterit
230 1474 348 1551 aliquid
370 1493 389 1535 a
409 1476 564 1537 catholico
584 1477 748 1551 dogmate,
769 1469 950 1549 discipliua-

23 1580 62 1637 que
77 1568 240 1628 universali
262 1569 390 1629 minime
404 1571 648 1641 dissentaneum,
664 1569 742 1645 quod
765 1565 863 1627 Nobis
878 1580 950 1642 pro-

25 1662 110 1729 ponatis
120 1663 150 1720 in
162 1665 315 1724 Nostram
327 1663 588 1724 deliberationem
603 1667 697 1740 atque
709 1678 839 1720 examen
854 1660 952 1719 addu-

22 1753 113 1814 cendum
124 1757 182 1833 (l).
196 1757 280 1824 Quod
294 1757 449 1834 reliquum
462 1761 523 1830 est,
536 1759 633 1818 Deum
646 1771 823 1833 precamur,
836 1756 873 1812 nt
884 1756 949 1812 tam

61 1883 87 1937 tu
99 1885 132 1932 c1.
144 1887 174 1932 P.
188 1884 347 1943 Augustinus
358 1885 468 1932 'lbeiner
478 1885 507 1932 ln
517 1896 591 1943 opere
603 1882 764 1931 Documenta
775 1879 874 1929 inediis
885 1881 952 1928 rela-

20 1951 223 2020 tiisauccffaires
235 1957 402 2018 accepsemas
423 1957 456 2005 dc
475 1958 505 2006 la
521 1956 628 2006 Franco
647 1955 710 2004 1790
726 1953 888 2018 almedis.
901 1954 951 2003 Pa·

20 2026 45 2074 ric
53 2031 96 2079 1857
101 2050 167 2096 paq.
179 2035 210 2082 71
225 2036 287 2082 hnic
297 2033 418 2083 decretali
428 2034 557 2094 Epistulae
568 2037 608 2083 Pil
619 2037 654 2082 VI
663 2036 878 2094 peropportunam
894 2033 950 2080 sub

22 2101 62 2151 iacit
76 2110 265 2168 mactationem,
278 2125 354 2170 qnam
373 2112 469 2159 reterre
487 2112 569 2159 lavat.
589 2131 601 2154 u
612 2112 688 2160 Hisce
708 2110 847 2170 pontificiis
855 2111 950 2158 littems

21 2184 172 2244 rescripserunt
190 2187 310 2248 Episcopi
330 2188 488 2247 Galliarum,
508 2200 644 2248 eorumque
664 2188 766 2236 litterae
781 2186 857 2234 datae
876 2187 916 2234 dle
936 2185 951 2233 Β

17 2255 60 2304 ilsii
75 2263 136 2320 1791,
156 2265 211 2310 tam
232 2262 324 2320 gallico
339 2275 415 2322 quam
425 2263 507 2310 latino
517 2276 632 2310 sermone
643 2263 801 2321 conscriptae
810 2275 869 2308 mox
879 2263 952 2309 Luta

15 2333 51 2381 iac
62 2337 211 2386 Parisiorum
220 2340 291 2398 typis
300 2338 384 2386 editas
399 2351 444 2398 per
453 2341 600 2387 adversam
611 2339 721 2386 Galliam
740 2338 840 2388 delatus
856 2351 887 2386 ac
896 2337 950 2385 vul·

15 2411 140 2466 quaesunt,
161 2417 232 2462 Haec
248 2415 388 2472 responsio,
400 2414 478 2473 digna
494 2427 555 2462 saue
573 2415 673 2472 omerio
683 2414 865 2473 Episcopomm
876 2413 953 2461 Galli·

14 2495 111 2536 eauorum
120 2493 201 2549 coetu,
214 2492 270 2538 sola
280 2492 372 2538 sufficit
392 2491 450 2551 ipss
468 2505 513 2550 per
530 2504 557 2539 sa
577 2491 609 2539 ad
627 2489 753 2538 mendacii
762 2488 952 2546 redarguendos

14 2569 49 2617 tos,
58 2563 96 2620 qui
106 2565 255 2613 Gallicanos
265 2567 404 2624 Episcopus
412 2567 551 2625 pontificiis
561 2566 654 2613 litteris
665 2565 802 2614 adhaerere
812 2566 949 2623 negabant.

15 2633 37 2680 lli
48 2638 108 2684 euim
126 2652 186 2697 pras
197 2653 225 2688 se
236 2640 349 2688 ferentes
359 2641 471 2689 suumin
479 2642 653 2700 aposancam
664 2639 753 2688 Sedem
764 2639 913 2697 obsequium
923 2649 952 2685 ao

12 2711 102 2760 sudium
121 2718 205 2774 aperta
216 2716 357 2773 decimant,
379 2717 475 2764 Summi
495 2717 628 2765 Pontificis
648 2717 801 2764 seumntiam
819 2727 874 2762 esse
895 2725 953 2761 cum

12 2797 68 2833 mun
78 2791 131 2837 tum
139 2792 269 2839 Ecclesiae
279 2792 415 2839 universae
425 2791 586 2851 sententiam
598 2792 636 2839 ita
644 2794 674 2839 nt
684 2792 783 2850 ignoret
798 2792 850 2838 iam
868 2801 950 2846 nemo,

11 2871 85 2912 novam
104 2867 164 2914 oleri
184 2868 312 2916 Gallicani
334 2869 539 2917 constitutionem
550 2868 659 2917 adversa
669 2869 754 2916 fronte
764 2879 878 2927 pugnare
895 2877 953 2913 cnm

11 2935 48 2984 ilia
62 2941 114 3000 ipsa
132 2945 223 2991 etcum
239 2943 383 3002 disciplina,
397 2958 473 3004 qnam
482 2957 580 3005 semper
589 2959 616 2993 se
625 2947 738 2992 luituros
748 2945 912 3003 pollicentur,
925 2942 951 2988 et

13 3012 82 3072 inqua
91 3019 175 3068 vivere
187 3033 216 3068 ac
226 3020 293 3067 morl
303 3033 331 3067 se
341 3021 407 3068 velie
415 3023 552 3068 testantur.
564 3023 638 3070 Nunc
647 3023 812 3070 manifestum
821 3021 868 3076 est,
881 3017 953 3066 munt

10 3091 107 3146 perdocti
115 3097 241 3154 Pastores,
253 3109 333 3144 unam
351 3109 406 3144 esse
418 3097 520 3144 Summo
531 3097 648 3145 Pontifici
656 3097 780 3157 nobisque
790 3094 951 3151 sententiam,

10 3167 71 3224 sique
80 3173 155 3218 esest
164 3173 294 3220 unanimis
303 3173 440 3231 pertctnm
458 3173 511 3220 late
531 3173 616 3220 orbem
626 3173 798 3220 modestorum
810 3170 953 3218 consensio.

9 3240 123 3299 ltpancis
132 3248 270 3296 interiectis
280 3251 389 3307 pergunt
407 3249 500 3296 dicare:
521 3251 576 3296 Iam
593 3248 720 3296 Fidelium
740 3249 838 3297 animes
849 3244 954 3305 ancipiti

10 3314 177 3370 dubitationum
194 3323 275 3371 fluctu
292 3325 375 3383 abripi
392 3337 445 3372 non
458 3325 553 3382 licebit,
565 3337 612 3372 neo
621 3325 726 3383 ignaros
737 3325 820 3382 officii,
832 3326 878 3372 aut
886 3323 953 3370 mma

10 3397 112 3443 conscios
129 3400 195 3447 ultro
216 3401 245 3446 in
261 3400 374 3458 periuria
389 3413 473 3460 ruera;
484 3413 531 3448 neo
551 3402 650 3447 nescire
661 3401 768 3459 leserit,
780 3402 847 3448 hanc
858 3409 953 3446 novam

11 3467 62 3515 cleri
72 3473 193 3523 Gallicani
203 3473 417 3534 constitutionem,
431 3476 583 3523 auctoritate
593 3476 741 3534 apostolica
756 3477 858 3523 minime
869 3487 956 3524 conse·

10 3545 126 3604 arandam,
138 3549 255 3608 antiquae
273 3549 351 3596 huius
369 3549 501 3608 religionis
520 3549 579 3597 fidei
593 3562 623 3597 ac
634 3549 715 3608 praxi,
726 3550 754 3597 in
774 3564 824 3610 qua
840 3554 919 3601 'nobis
929 3556 955 3602 et
