2386 4194
626 250 663 267 ..
686 218 745 280 100
764 252 803 265 -

229 328 408 403 »Nostris,
431 329 497 388 ullo
521 345 666 407 umquam
687 331 847 406 tempore,
865 330 980 408 absquo
995 349 1138 392 consensu
1151 335 1176 392 et

229 421 430 482 »voluntate
456 419 698 498 Episcoporum,
722 421 754 480 in
782 439 914 499 quorum
942 425 1103 485 Perochiis
1125 444 1191 512 csse¹

229 520 450 587 noscentur,
477 534 529 576 res
552 515 766 577 Ecclesiarum
792 518 918 594 petere,
941 520 1000 579 aut
1025 518 1191 592 invaderes

229 608 316 668 »val
335 611 479 681 vastare,
499 613 557 670 aut
576 627 767 688 quocumque
789 611 915 690 iugenio
939 611 1080 674 alienare
1100 629 1191 690 prae-l

228 709 377 766 »sumat
400 707 484 773 Quod
507 707 534 766 si
556 708 625 785 quis
645 705 778 781 fecerit,
799 712 864 768 tum
884 706 1032 780 Nostris,
1048 725 1133 786 quam
1153 711 1179 766 et

229 800 481 860 ›Successorum
500 801 690 863 Nostrorum
712 800 914 880 temporibus,
938 800 1045 878 poenis
1066 801 1178 862 sacrile-

228 893 307 972 »gii
331 893 505 967 subiaceat,
531 897 565 955 et
588 913 607 956 a
630 893 740 970 Nobis,
756 898 851 973 atque
875 895 1108 956 successoribus
1127 897 1191 986 Nol

229 987 356 1060 restris,
371 987 556 1066 Nostrisque
576 988 749 1061 iudicibus,
773 988 855 1048 sicut
875 989 1070 1066 sacrilegus,
1091 992 1122 1050 et
1134 989 1191 1076 hol

228 1080 390 1155 ›micida,
407 1082 460 1141 vel
480 1081 532 1142 fur
553 1080 735 1159 sacrilegus,
752 1081 904 1159 legaliter
919 1081 1090 1159 puniatur,
1106 1085 1136 1142 at
1147 1081 1191 1141 abl

228 1174 420 1252 »Episcopis
439 1173 568 1237 Nostris
588 1173 910 1236 anathematizetur.»
1046 1161 1050 1170 ’

287 1268 345 1328 Sed
362 1267 501 1344 quisquis
514 1271 637 1344 partem
652 1268 747 1330 habet
760 1267 792 1327 in
808 1268 866 1329 hac
881 1267 1107 1345 usurpatione,
1121 1287 1175 1348 per·

225 1361 314 1438 legat
335 1361 522 1434 vindictam,
545 1379 636 1438 quam
664 1361 813 1422 Dominus
833 1361 911 1422 fecit
935 1363 973 1422 de
1000 1363 1170 1434 Heliodoro,

225 1455 353 1532 eiusque
367 1455 634 1533 cooperatoribus,
648 1455 702 1533 qui
716 1472 830 1533 rapere
845 1456 1050 1517 tentaverant
1061 1459 1168 1518 thosan·
1190 1475 1191 1532 ᾗ

224 1565 278 1608 ros
289 1550 326 1608 de
338 1549 466 1627 templo,
479 1552 591 1610 contra
606 1567 691 1626 quos:
709 1547 875 1626 «Spiritus
889 1549 1114 1628 omnipotentis
1131 1551 1173 1611 Dei
1190 1547 1191 1604 i

225 1659 369 1720 magnam
390 1643 466 1702 iecit
486 1659 558 1703 suae
579 1641 768 1702 ostensionis
789 1641 1003 1703 evidentiam:
1028 1644 1077 1704 ita
1098 1647 1131 1704 ut
1148 1663 1191 1702 ou

226 1753 323 1810 mnes,
339 1736 392 1814 qui
412 1736 480 1796 ausi
500 1736 627 1798 fuerant
647 1753 759 1814 parere
781 1736 831 1811 ei,
853 1741 983 1798 ruentes
1007 1737 1064 1797 Dei
1088 1738 1191 1796 virtu-3

225 1835 258 1892 te
285 1831 318 1890 in
346 1830 600 1905 dissolutionem,
627 1833 660 1892 et
687 1829 887 1890 formidinem
909 1825 1191 1892 converterentur}

223 1923 382 2001 Apparuit
402 1923 485 1984 enim
513 1924 578 1985 illis
598 1925 723 2002 quidam
745 1941 843 2002 equus
866 1923 1045 1986 terribilem
1073 1911 1191 1984 haberat

224 2034 394 2090 sessorem,
416 2016 545 2094 optimis
565 2017 769 2094 operimentis
793 2018 981 2077 mornatus:
1005 2016 1095 2095 isque
1114 2019 1191 2090 cumi

223 2109 342 2188 impetu
361 2109 530 2169 Heliodoro
550 2110 673 2188 priores
698 2111 799 2172 calces
819 2109 924 2185 alisit3
947 2109 1002 2188 qui
1031 2117 1134 2171 autem
1152 2107 1191 2168 ei,

222 2202 368 2277 sedebat,
384 2202 552 2276 uidebatur
564 2220 654 2264 arma
666 2203 780 2264 habere
803 2220 910 2264 aurea.
935 2202 1001 2264 Alii
1018 2203 1116 2265 etiam
1129 2219 1172 2278 ap·

221 2299 397 2372 paruerunt
417 2299 477 2356 duo
497 2296 628 2357 iuvenes
649 2295 772 2356 virtute
794 2295 918 2370 decori,
934 2296 1048 2376 optimi
1065 2297 1171 2376 gloria,

222 2387 412 2465 speciosique
435 2389 569 2462 amictu,
592 2388 646 2466 qui
671 2387 952 2450 circumsteterunt
979 2408 1072 2465 eum,
1094 2392 1126 2450 et
1143 2403 1191 2452 cxl

222 2485 354 2559 unaque
375 2485 465 2560 parte
486 2483 689 2560 flagellabant
711 2481 777 2542 sine
804 2481 1059 2558 intermissione,
1076 2481 1191 2543 multis:

221 2574 324 2654 plagis
349 2576 563 2636 verberantes.
595 2575 707 2635 Subito
732 2577 837 2634 autem
862 2576 1052 2637 Heliodorus
1073 2575 1191 2636 cecidit¹

221 2667 254 2727 in
270 2672 400 2741 terram,
415 2685 545 2746 cumque
560 2668 661 2729 multa
675 2666 812 2744 caligine
826 2667 1060 2744 circumfusum,
1076 2685 1174 2746 rapue-
1190 2699 1191 2734 1

221 2765 310 2835 runt,
330 2765 423 2839 atquc
445 2761 477 2820 in
499 2762 578 2822 sella
605 2764 780 2839 gestatoria
801 2764 936 2841 positum
964 2763 1191 2832 inieceruntr,

221 2858 271 2917 Ita
291 2857 411 2933 legitur
432 2855 487 2916 lib.
504 2858 801 2919 2Machabaeorum
816 2858 874 2936 (l),
890 2862 925 2919 et
945 2861 1050 2918 umen
1066 2857 1173 2935 ageba·
1190 2887 1191 2964 p

222 2954 276 3010 tur
296 2949 333 3007 de
355 2947 512 3025 pecuniis,
533 2966 612 3025 quae
641 2967 700 3008 non
722 2950 925 3028 pertinebant
951 2951 996 3010 ad
1023 2951 1175 3010 rationem

196 3039 465 3120 ‘sacrificiorum
482 3060 538 3101 nec
558 3043 702 3120 propriae
724 3044 834 3120 templi
850 3045 953 3118 crant,
970 3045 1022 3103 sed
1043 3041 1116 3102 inibi
1132 3057 1175 3099 as-

220 3134 358 3203 servatis
381 3152 439 3211 pro
462 3135 611 3196 alimonia
634 3135 844 3213 pupillorum,
863 3137 1030 3207 viduarum
1054 3139 1086 3196 at
1105 3134 1174 3193 alio·

220 3245 311 3301 uum3
332 3227 553 3304 nihilominus,
568 3230 606 3289 ob
628 3229 781 3292 violatam
802 3231 914 3309 templi
935 3231 1127 3292 maiestatem
1147 3229 1175 3285 et

221 3320 440 3395 sanctitatem,
456 3326 489 3384 et
509 3323 556 3383 rei
577 3323 699 3383 alienae
715 3323 970 3401 usurpationem,
984 3322 1102 3392 indixit
1121 3322 1175 3380 Do·

221 3414 322 3473 minus
350 3414 568 3491 gravissimam
602 3415 691 3476 illam
720 3415 909 3489 Heliodoro,
938 3416 1062 3493 eiusque
1089 3411 1175 3472 sociis

284 3531 318 3594 (l)
333 3530 393 3588 cap.
406 3531 453 3587 111,
465 3543 533 3578 vers.
545 3531 577 3590 ²4.
585 3529 619 3578 ad
629 3532 670 3578 28.
