2456 4192
677 349 750 406 xl.
922 377 937 444 t

542 468 737 514 varunnam
757 469 882 513 raarar

450 620 727 684 LUDovloo
761 621 973 684 canobo

382 852 384 856 .
499 791 659 868 Episcopo
686 789 905 851 ambianensi
967 825 969 830 -

408 925 607 1035 riuis
671 951 890 1030 ΡΑΡΑ
943 951 1011 1030 ιιι.

351 1153 439 1212 ven.
461 1153 595 1222 Frater,
608 1117 761 1210 Salutem
782 1153 818 1208 et
836 1149 1076 1219 spontaneam

564 1246 861 1308 Benedictionem.

293 1443 406 1505 Multis
420 1443 544 1521 quidem
558 1441 803 1516 calamitatibus,
815 1461 893 1520 quae
907 1442 1040 1521 gravius
1053 1441 1217 1506 efficiunt

228 1537 430 1616 Apostolioae
451 1535 626 1598 Servitutis
646 1533 778 1595 offleinm
799 1534 982 1596 infirmitati
1004 1537 1145 1598 nostrae
1166 1539 1219 1598 di-

191 1687 195 1698 ,
224 1632 307 1692 -vina
327 1630 529 1709 dispositione
551 1630 703 1702 delatum,
722 1630 881 1706 postrema
901 1627 1033 1690 aoeessit
1056 1631 1216 1693 omnium

232 1726 451 1800 aoerbissima‚
473 1743 552 1804 quae
572 1743 592 1785 a
611 1723 727 1786 misera
752 1723 929 1785 Galliarum
952 1724 1216 1800 perturbatione

233 1823 338 1883 ortum
352 1819 554 1897 duait,atqne
565 1817 806 1878 inerementum.
815 1819 859 1881 Ut
868 1821 975 1878 autem
987 1817 1020 1877 in
1032 1820 1132 1880 tanto
1149 1823 1219 1883 Re·

233 1914 288 1994 gni
314 1913 455 1993 perienlo
481 1930 569 1990 opem
590 1929 647 1989 pro
671 1927 799 1971 munere
820 1913 930 1971 nostro
949 1909 1112 1983 imamns,
1143 1915 1218 1990 pri-

232 2026 317 2070 mum
338 2027 357 2068 a
377 2006 511 2084 publicis
537 2003 733 2082 privatisque
754 2003 897 2081 praeibas
923 2005 961 2065 ad
983 2005 1119 2065 Patrem
1146 2008 1217 2067 mi-

234 2099 474 2178 seridordiarum
495 2097 645 2158 habendis
660 2113 828 2173 numquam
852 2097 1060 2171 oessavimns,
1089 2098 1217 2161 deinde

233 2211 333 2271 neque
354 2190 484 2252 consilia
505 2189 687 2266 Sapientem
710 2190 923 2267 negleximus:
941 2187 974 2250 in
996 2207 1091 2268 quam
1107 2191 1215 2254 finem

234 2287 379 2348 nolumus
407 2285 452 2345 'l'e
478 2283 599 2357 lateat,
622 2285 702 2345 Ver.
723 2285 858 2359 Frater,
885 2285 951 2347 Nos
980 2284 1216 2348 Oardinalium

233 2379 516 2459 (iongregationem
537 2377 702 2456 delegisse,
721 2396 800 2456 qnae
821 2395 917 2456 super
929 2377 1226 2457 postulationibus

235 2472 542 2537 aOhristianissimo
569 2473 655 2550 Rege
683 2472 771 2532 nobis
798 2472 914 2534 delatis
942 2471 1084 2546 referat,
1110 2477 1215 2552 quale

234 2565 413 2641 eonsilium,
428 2564 590 2644 qualisque
610 2564 695 2626 ratio
716 2563 760 2624 sit
780 2564 925 2625 ineunda.
941 2565 1018 2627 (inm
1035 2557 1159 2629 autern
1175 2571 1213 2630 de

234 2679 269 2724 re
290 2662 406 2740 agatur
425 2657 612 2738 gravissima
631 2675 667 2718 ao
687 2656 840 2734 implexa,
857 2675 941 2735 ⁴quae
962 2659 1132 2720 maturam
1157 2681 1212 2724 ex·

233 2754 338 2834 posoit
363 2751 635 2824 enucleationem,
657 2767 696 2810 ne
724 2751 1042 2830 praetergrediuntur
1074 2752 1167 2817 lines
1199 2775 1216 2818 a

233 2831 530 2910 Praedeoessoribus
548 2843 675 2906 Nostris
695 2844 880 2918 constituti,
910 2845 1031 2906 nullum
1052 2847 1170 2910 adhue
1200 2869 1216 2912 a

235 2937 453 3003 Gurdinelibns
473 2954 655 3014 responsum
675 2937 870 3016 aoeepimus:
888 2938 971 2998 unde
991 2955 1062 2998 oum
1086 2945 1213 3018 petitio

236 3035 305 3094 Tua
324 3032 404 3092 insit
417 3030 449 3090 in
463 3030 515 3104 iis,
529 3048 608 3109 quae
628 3033 698 3093 Rex
713 3030 842 3094 aNobis
856 3034 1031 3108 exspectat,
1048 3032 1214 3098 nimirum

237 3129 273 3187 ut
286 3121 447 3204 Episcopis
461 3123 606 3203 generale
620 3125 807 3186 concedatur
821 3124 982 3186 Indultum
997 3125 1214 3205 dispensandi

236 3220 268 3280 in
303 3217 458 3279 canonicis
487 3218 718 3296 impedimentis
745 3218 1052 3294 matrimonialibus,
1084 3220 1141 3286 ita
1177 3225 1215 3288 ad

236 3312 378 3374 Litteras
399 3314 470 3373 tuas
492 3311 554 3372 diei
571 3313 659 3373 XIII.
674 3312 775 3392 elapsi
788 3311 928 3390 Augusti
942 3311 1095 3391 amplam,
1111 3334 1214 3394 quam

235 3405 394 3483 postulas,
412 3404 645 3483 responsionem
667 3404 796 3466 differre
817 3405 971 3483 cogimur.
987 3406 1113 3466 Verum
1138 3429 1214 3472 enm

237 3515 357 3560 summa
383 3499 427 3560 sit
446 3499 478 3559 in
501 3500 546 3559 Te
573 3497 713 3560 ebaritas
740 3501 865 3571 nostra,
890 3500 924 3558 et
943 3497 1153 3563 existimatio
1177 3506 1214 3565 ob
