<?xml version="1.0" encoding="UTF-8"?>
<!DOCTYPE html PUBLIC "-//W3C//DTD XHTML 1.0 Transitional//EN"
    "http://www.w3.org/TR/xhtml1/DTD/xhtml1-transitional.dtd">
<html xmlns="http://www.w3.org/1999/xhtml" xml:lang="en" lang="en">
 <head>
  <title>
</title>
<meta http-equiv="Content-Type" content="text/html;charset=utf-8" />
  <meta name='ocr-system' content='tesseract 3.04.00' />
  <meta name='ocr-capabilities' content='ocr_page ocr_carea ocr_par ocr_line ocrx_word'/>
</head>
<body>
  <div class='ocr_page' id='page_1' title='image "./piivipontmaxact00piusgoog_0130.png"; bbox 0 0 2514 4198; ppageno 0'>
   <div class='ocr_carea' id='block_1_1' title="bbox 435 192 614 251">
    <p class='ocr_par' dir='ltr' id='par_1_1' title="bbox 435 192 614 251">
     <span class='ocr_line' id='line_1_1' title="bbox 435 192 614 251; baseline 0.006 -1"><span class='ocrx_word' id='word_1_1' title='bbox 435 221 473 236; x_wconf 91' lang='lat'>-</span> <span class='ocrx_word' id='word_1_2' title='bbox 497 192 614 251; x_wconf 87' lang='lat'>113.-</span> 
     </span>
    </p>
   </div>
   <div class='ocr_carea' id='block_1_2' title="bbox 35 297 1006 1127">
    <p class='ocr_par' dir='ltr' id='par_1_2' title="bbox 35 297 1006 1127">
     <span class='ocr_line' id='line_1_2' title="bbox 44 297 1006 384; baseline 0.012 -31"><span class='ocrx_word' id='word_1_3' title='bbox 44 297 138 356; x_wconf 87' lang='lat' dir='ltr'>verbis</span> <span class='ocrx_word' id='word_1_4' title='bbox 160 299 374 375; x_wconf 86' lang='lat' dir='ltr'>exscriptum,</span> <span class='ocrx_word' id='word_1_5' title='bbox 397 298 530 373; x_wconf 85' lang='lat' dir='ltr'>iecerat,</span> <span class='ocrx_word' id='word_1_6' title='bbox 545 317 602 376; x_wconf 89' lang='lat' dir='ltr'>per</span> <span class='ocrx_word' id='word_1_7' title='bbox 622 304 702 378; x_wconf 89' lang='lat' dir='ltr'>quod</span> <span class='ocrx_word' id='word_1_8' title='bbox 717 303 874 364; x_wconf 78' lang='lat' dir='ltr'>Ecclesiae</span> <span class='ocrx_word' id='word_1_9' title='bbox 896 306 1006 384; x_wconf 82' lang='lat' dir='ltr'>Angli·</span> 
     </span>
     <span class='ocr_line' id='line_1_3' title="bbox 39 392 1002 470; baseline 0.009 -20"><span class='ocrx_word' id='word_1_10' title='bbox 39 411 126 462; x_wconf 80' lang='lat' dir='ltr'>canae</span> <span class='ocrx_word' id='word_1_11' title='bbox 146 392 340 452; x_wconf 88' lang='lat' dir='ltr'>libertatem</span> <span class='ocrx_word' id='word_1_12' title='bbox 361 392 503 466; x_wconf 90' lang='lat' dir='ltr'>abolens,</span> <span class='ocrx_word' id='word_1_13' title='bbox 527 393 682 470; x_wconf 83' lang='lat' dir='ltr'><strong>primatus</strong></span> <span class='ocrx_word' id='word_1_14' title='bbox 707 396 767 455; x_wconf 90' lang='lat' dir='ltr'>sibi</span> <span class='ocrx_word' id='word_1_15' title='bbox 796 395 875 457; x_wconf 90' lang='lat' dir='ltr'>iura·</span> <span class='ocrx_word' id='word_1_16' title='bbox 887 398 1002 459; x_wconf 89' lang='lat' dir='ltr'>ibidem</span> 
     </span>
     <span class='ocr_line' id='line_1_4' title="bbox 38 486 1001 566; baseline 0.01 -22"><span class='ocrx_word' id='word_1_17' title='bbox 38 486 218 563; x_wconf 80' lang='lat' dir='ltr'><strong>arrogabat.</strong></span> <span class='ocrx_word' id='word_1_18' title='bbox 235 489 342 563; x_wconf 90' lang='lat' dir='ltr'>Ipsum</span> <span class='ocrx_word' id='word_1_19' title='bbox 361 487 521 564; x_wconf 86' lang='lat' dir='ltr'>Episcopis</span> <span class='ocrx_word' id='word_1_20' title='bbox 533 505 707 564; x_wconf 91' lang='lat' dir='ltr'>proponens</span> <span class='ocrx_word' id='word_1_21' title='bbox 719 490 902 566; x_wconf 89' lang='lat' dir='ltr'>imperavit,</span> <span class='ocrx_word' id='word_1_22' title='bbox 919 494 1001 554; x_wconf 92' lang='lat' dir='ltr'>utin</span> 
     </span>
     <span class='ocr_line' id='line_1_5' title="bbox 37 580 1005 664; baseline 0.009 -26"><span class='ocrx_word' id='word_1_23' title='bbox 37 582 95 638; x_wconf 87' lang='lat' dir='ltr'>eius</span> <span class='ocrx_word' id='word_1_24' title='bbox 116 580 252 641; x_wconf 90' lang='lat' dir='ltr'>Decreti</span> <span class='ocrx_word' id='word_1_25' title='bbox 273 581 371 640; x_wconf 87' lang='lat' dir='ltr'>verba</span> <span class='ocrx_word' id='word_1_26' title='bbox 391 581 547 654; x_wconf 89' lang='lat' dir='ltr'>iurarent,</span> <span class='ocrx_word' id='word_1_27' title='bbox 563 580 595 639; x_wconf 93' lang='lat' dir='ltr'>in</span> <span class='ocrx_word' id='word_1_28' title='bbox 617 584 726 640; x_wconf 83' lang='lat' dir='ltr'>avitas</span> <span class='ocrx_word' id='word_1_29' title='bbox 746 583 883 657; x_wconf 87' lang='lat' dir='ltr'>scilicet,</span> <span class='ocrx_word' id='word_1_30' title='bbox 902 589 937 647; x_wconf 88' lang='lat' dir='ltr'>ut</span> <span class='ocrx_word' id='word_1_31' title='bbox 951 605 1005 664; x_wconf 92' lang='lat' dir='ltr'>ap-</span> 
     </span>
     <span class='ocr_line' id='line_1_6' title="bbox 35 674 1004 754; baseline 0.008 -22"><span class='ocrx_word' id='word_1_32' title='bbox 35 675 183 750; x_wconf 86' lang='lat' dir='ltr'>pellabat,</span> <span class='ocrx_word' id='word_1_33' title='bbox 208 675 324 752; x_wconf 68' lang='lat' dir='ltr'>Repeti</span> <span class='ocrx_word' id='word_1_34' title='bbox 343 675 599 736; x_wconf 76' lang='lat' dir='ltr'>consuetudines.</span> <span class='ocrx_word' id='word_1_35' title='bbox 616 674 669 735; x_wconf 93' lang='lat' dir='ltr'>Illi</span> <span class='ocrx_word' id='word_1_36' title='bbox 691 693 761 734; x_wconf 91' lang='lat' dir='ltr'>oum</span> <span class='ocrx_word' id='word_1_37' title='bbox 782 684 949 754; x_wconf 87' lang='lat' dir='ltr'>parerent,</span> <span class='ocrx_word' id='word_1_38' title='bbox 971 680 1004 740; x_wconf 90' lang='lat' dir='ltr'>in</span> 
     </span>
     <span class='ocr_line' id='line_1_7' title="bbox 35 769 1005 846; baseline 0.006 -19"><span class='ocrx_word' id='word_1_39' title='bbox 35 771 161 829; x_wconf 89' lang='lat' dir='ltr'>iurando</span> <span class='ocrx_word' id='word_1_40' title='bbox 185 775 296 829; x_wconf 90' lang='lat' dir='ltr'>tamen</span> <span class='ocrx_word' id='word_1_41' title='bbox 320 769 398 829; x_wconf 90' lang='lat' dir='ltr'>hanc</span> <span class='ocrx_word' id='word_1_42' title='bbox 419 769 610 830; x_wconf 89' lang='lat' dir='ltr'>adiiciebant</span> <span class='ocrx_word' id='word_1_43' title='bbox 630 770 816 846; x_wconf 83' lang='lat' dir='ltr'><strong>clausulam,</strong></span> <span class='ocrx_word' id='word_1_44' title='bbox 839 778 929 835; x_wconf 86' lang='lat' dir='ltr'>sulco</span> <span class='ocrx_word' id='word_1_45' title='bbox 954 793 1005 835; x_wconf 89' lang='lat' dir='ltr'>or-</span> 
     </span>
     <span class='ocr_line' id='line_1_8' title="bbox 35 862 1003 942; baseline 0.009 -22"><span class='ocrx_word' id='word_1_46' title='bbox 35 865 103 923; x_wconf 82' lang='lat' dir='ltr'>dine</span> <span class='ocrx_word' id='word_1_47' title='bbox 124 881 205 936; x_wconf 79' lang='lat' dir='ltr'>suo‚·</span> <span class='ocrx_word' id='word_1_48' title='bbox 226 863 282 922; x_wconf 87' lang='lat' dir='ltr'>sed</span> <span class='ocrx_word' id='word_1_49' title='bbox 303 863 380 922; x_wconf 92' lang='lat' dir='ltr'>haec</span> <span class='ocrx_word' id='word_1_50' title='bbox 402 862 542 931; x_wconf 77' lang='lat' dir='ltr'>clausula</span> <span class='ocrx_word' id='word_1_51' title='bbox 563 864 645 940; x_wconf 81' lang='lat' dir='ltr'>Regi</span> <span class='ocrx_word' id='word_1_52' title='bbox 666 882 725 922; x_wconf 93' lang='lat' dir='ltr'>non</span> <span class='ocrx_word' id='word_1_53' title='bbox 746 865 909 942; x_wconf 87' lang='lat' dir='ltr'>placebat,</span> <span class='ocrx_word' id='word_1_54' title='bbox 932 886 1003 930; x_wconf 89' lang='lat' dir='ltr'>cum</span> 
     </span>
     <span class='ocr_line' id='line_1_9' title="bbox 35 957 1004 1035; baseline 0.009 -20"><span class='ocrx_word' id='word_1_55' title='bbox 35 960 159 1018; x_wconf 88' lang='lat' dir='ltr'>diceret:</span> <span class='ocrx_word' id='word_1_56' title='bbox 185 957 289 1018; x_wconf 83' lang='lat' dir='ltr'>Verbo</span> <span class='ocrx_word' id='word_1_57' title='bbox 312 958 365 1016; x_wconf 84' lang='lat' dir='ltr'>illi</span> <span class='ocrx_word' id='word_1_58' title='bbox 384 973 545 1016; x_wconf 80' lang='lat' dir='ltr'>cenenum</span> <span class='ocrx_word' id='word_1_59' title='bbox 566 958 678 1029; x_wconf 80' lang='lat' dir='ltr'>inesse,</span> <span class='ocrx_word' id='word_1_60' title='bbox 695 965 726 1017; x_wconf 85' lang='lat' dir='ltr'>et</span> <span class='ocrx_word' id='word_1_61' title='bbox 740 963 919 1035; x_wconf 79' lang='lat' dir='ltr'>captiosum</span> <span class='ocrx_word' id='word_1_62' title='bbox 940 979 1004 1025; x_wconf 83' lang='lat' dir='ltr'>esse</span> 
     </span>
     <span class='ocr_line' id='line_1_10' title="bbox 37 1051 1005 1127; baseline 0.007 -18"><span class='ocrx_word' id='word_1_63' title='bbox 37 1053 128 1110; x_wconf 83' lang='lat' dir='ltr'>illud:</span> <span class='ocrx_word' id='word_1_64' title='bbox 154 1051 263 1110; x_wconf 84' lang='lat' dir='ltr'>Salvo</span> <span class='ocrx_word' id='word_1_65' title='bbox 292 1051 406 1110; x_wconf 81' lang='lat' dir='ltr'>ordine</span> <span class='ocrx_word' id='word_1_66' title='bbox 434 1068 502 1110; x_wconf 81' lang='lat' dir='ltr'>suo.</span> <span class='ocrx_word' id='word_1_67' title='bbox 524 1051 729 1127; x_wconf 88' lang='lat' dir='ltr'>lubebatque,</span> <span class='ocrx_word' id='word_1_68' title='bbox 753 1057 789 1112; x_wconf 92' lang='lat' dir='ltr'>ut</span> <span class='ocrx_word' id='word_1_69' title='bbox 810 1055 952 1115; x_wconf 80' lang='lat' dir='ltr'>obsolute</span> <span class='ocrx_word' id='word_1_70' title='bbox 973 1063 1005 1116; x_wconf 87' lang='lat' dir='ltr'>et</span> 
     </span>
    </p>
   </div>
   <div class='ocr_carea' id='block_1_3' title="bbox 34 1149 1034 3570">
    <p class='ocr_par' dir='ltr' id='par_1_3' title="bbox 34 1149 1034 3570">
     <span class='ocr_line' id='line_1_11' title="bbox 38 1149 1004 1226; baseline 0.003 -19"><span class='ocrx_word' id='word_1_71' title='bbox 38 1151 145 1226; x_wconf 81' lang='lat' dir='ltr'>absque</span> <span class='ocrx_word' id='word_1_72' title='bbox 168 1149 359 1209; x_wconf 79' lang='lat' dir='ltr'>adiectione</span> <span class='ocrx_word' id='word_1_73' title='bbox 378 1151 487 1224; x_wconf 75' lang='lat' dir='ltr'>rapias</span> <span class='ocrx_word' id='word_1_74' title='bbox 514 1149 761 1209; x_wconf 79' lang='lat' dir='ltr'>consuetudines</span> <span class='ocrx_word' id='word_1_75' title='bbox 781 1153 1004 1211; x_wconf 81' lang='lat' dir='ltr'>obseruaturos</span> 
     </span>
     <span class='ocr_line' id='line_1_12' title="bbox 34 1241 1006 1320; baseline 0.003 -19"><span class='ocrx_word' id='word_1_76' title='bbox 34 1245 274 1316; x_wconf 63' lang='lat' dir='ltr'><strong><em>promitterent.</em></strong></span> <span class='ocrx_word' id='word_1_77' title='bbox 291 1241 360 1302; x_wconf 85' lang='lat' dir='ltr'>Etsi</span> <span class='ocrx_word' id='word_1_78' title='bbox 379 1260 415 1300; x_wconf 90' lang='lat' dir='ltr'>eo</span> <span class='ocrx_word' id='word_1_79' title='bbox 436 1258 584 1318; x_wconf 91' lang='lat' dir='ltr'>responso</span> <span class='ocrx_word' id='word_1_80' title='bbox 605 1242 754 1318; x_wconf 89' lang='lat' dir='ltr'>perculsi,</span> <span class='ocrx_word' id='word_1_81' title='bbox 770 1247 916 1320; x_wconf 88' lang='lat' dir='ltr'>motuque</span> <span class='ocrx_word' id='word_1_82' title='bbox 931 1262 1006 1304; x_wconf 91' lang='lat' dir='ltr'>con-</span> 
     </span>
     <span class='ocr_line' id='line_1_13' title="bbox 39 1334 1005 1412; baseline 0.005 -19"><span class='ocrx_word' id='word_1_83' title='bbox 39 1337 166 1396; x_wconf 86' lang='lat' dir='ltr'>sternati</span> <span class='ocrx_word' id='word_1_84' title='bbox 191 1336 301 1395; x_wconf 87' lang='lat' dir='ltr'>essent</span> <span class='ocrx_word' id='word_1_85' title='bbox 320 1334 476 1412; x_wconf 85' lang='lat' dir='ltr'>Episcopi,</span> <span class='ocrx_word' id='word_1_86' title='bbox 500 1338 604 1394; x_wconf 86' lang='lat' dir='ltr'>tamen</span> <span class='ocrx_word' id='word_1_87' title='bbox 626 1337 664 1395; x_wconf 88' lang='lat' dir='ltr'>ad</span> <span class='ocrx_word' id='word_1_88' title='bbox 686 1335 896 1398; x_wconf 89' lang='lat' dir='ltr'>resistendum</span> <span class='ocrx_word' id='word_1_89' title='bbox 918 1337 1005 1398; x_wconf 84' lang='lat' dir='ltr'>exci-</span> 
     </span>
     <span class='ocr_line' id='line_1_14' title="bbox 39 1429 1003 1506; baseline 0.005 -18"><span class='ocrx_word' id='word_1_90' title='bbox 39 1431 183 1490; x_wconf 86' lang='lat' dir='ltr'>tabantur</span> <span class='ocrx_word' id='word_1_91' title='bbox 207 1429 249 1490; x_wconf 91' lang='lat' dir='ltr'>ab</span> <span class='ocrx_word' id='word_1_92' title='bbox 269 1429 514 1506; x_wconf 89' lang='lat' dir='ltr'>Archiepiscopo</span> <span class='ocrx_word' id='word_1_93' title='bbox 535 1429 777 1503; x_wconf 81' lang='lat' dir='ltr'>Cantuariensi,</span> <span class='ocrx_word' id='word_1_94' title='bbox 800 1433 907 1506; x_wconf 88' lang='lat' dir='ltr'>postea</span> <span class='ocrx_word' id='word_1_95' title='bbox 921 1449 1003 1493; x_wconf 92' lang='lat' dir='ltr'>mar-</span> 
     </span>
     <span class='ocr_line' id='line_1_15' title="bbox 43 1523 1000 1600; baseline 0.006 -20"><span class='ocrx_word' id='word_1_96' title='bbox 43 1527 102 1598; x_wconf 79' lang='lat' dir='ltr'>tyre</span> <span class='ocrx_word' id='word_1_97' title='bbox 122 1526 157 1586; x_wconf 87' lang='lat' dir='ltr'>S.</span> <span class='ocrx_word' id='word_1_98' title='bbox 173 1523 310 1584; x_wconf 80' lang='lat' dir='ltr'>Thomu.</span> <span class='ocrx_word' id='word_1_99' title='bbox 325 1526 430 1600; x_wconf 81' lang='lat' dir='ltr'>Atque</span> <span class='ocrx_word' id='word_1_100' title='bbox 444 1540 497 1582; x_wconf 92' lang='lat' dir='ltr'>eos</span> <span class='ocrx_word' id='word_1_101' title='bbox 519 1523 717 1583; x_wconf 86' lang='lat' dir='ltr'>confortabat</span> <span class='ocrx_word' id='word_1_102' title='bbox 737 1524 899 1598; x_wconf 84' lang='lat' dir='ltr'>Pontifex,</span> <span class='ocrx_word' id='word_1_103' title='bbox 915 1530 948 1586; x_wconf 90' lang='lat' dir='ltr'>et</span> <span class='ocrx_word' id='word_1_104' title='bbox 963 1527 1000 1586; x_wconf 90' lang='lat' dir='ltr'>ad</span> 
     </span>
     <span class='ocr_line' id='line_1_16' title="bbox 46 1617 1001 1694; baseline 0.007 -22"><span class='ocrx_word' id='word_1_105' title='bbox 46 1620 245 1680; x_wconf 77' lang='lat' dir='ltr'>constantiam</span> <span class='ocrx_word' id='word_1_106' title='bbox 266 1617 299 1676; x_wconf 92' lang='lat' dir='ltr'>in</span> <span class='ocrx_word' id='word_1_107' title='bbox 320 1635 448 1677; x_wconf 84' lang='lat' dir='ltr'>munere</span> <span class='ocrx_word' id='word_1_108' title='bbox 470 1617 624 1694; x_wconf 89' lang='lat' dir='ltr'>pastorali</span> <span class='ocrx_word' id='word_1_109' title='bbox 650 1619 886 1679; x_wconf 78' lang='lat' dir='ltr'>cohortabatur.</span> <span class='ocrx_word' id='word_1_110' title='bbox 910 1620 1001 1679; x_wconf 76' lang='lat' dir='ltr'>«Sed</span> 
     </span>
     <span class='ocr_line' id='line_1_17' title="bbox 46 1709 1002 1788; baseline 0.007 -21"><span class='ocrx_word' id='word_1_111' title='bbox 46 1709 98 1768; x_wconf 81' lang='lat' dir='ltr'>»in</span> <span class='ocrx_word' id='word_1_112' title='bbox 116 1714 185 1772; x_wconf 89' lang='lat' dir='ltr'>dies</span> <span class='ocrx_word' id='word_1_113' title='bbox 211 1710 409 1788; x_wconf 87' lang='lat' dir='ltr'>gravissimis</span> <span class='ocrx_word' id='word_1_114' title='bbox 438 1712 706 1772; x_wconf 73' lang='lat' dir='ltr'>crebrescentibus</span> <span class='ocrx_word' id='word_1_115' title='bbox 728 1710 948 1772; x_wconf 81' lang='lat' dir='ltr'>vexationibus</span> <span class='ocrx_word' id='word_1_116' title='bbox 968 1716 1002 1774; x_wconf 88' lang='lat' dir='ltr'>et</span> 
     </span>
     <span class='ocr_line' id='line_1_18' title="bbox 42 1795 1029 1882; baseline 0.006 -22"><span class='ocrx_word' id='word_1_117' title='bbox 42 1806 168 1878; x_wconf 73' lang='lat' dir='ltr'>amalis,</span> <span class='ocrx_word' id='word_1_118' title='bbox 184 1804 335 1882; x_wconf 84' lang='lat' dir='ltr'>Episcopi</span> <span class='ocrx_word' id='word_1_119' title='bbox 356 1804 454 1880; x_wconf 81' lang='lat' dir='ltr'>aliqui</span> <span class='ocrx_word' id='word_1_120' title='bbox 468 1805 641 1866; x_wconf 84' lang='lat' dir='ltr'>exorabant</span> <span class='ocrx_word' id='word_1_121' title='bbox 660 1805 952 1882; x_wconf 87' lang='lat' dir='ltr'>Archiepiscopum,</span> <span class='ocrx_word' id='word_1_122' title='bbox 967 1810 1003 1866; x_wconf 93' lang='lat' dir='ltr'>ut</span> <span class='ocrx_word' id='word_1_123' title='bbox 1026 1795 1029 1810; x_wconf 60' lang='lat'><strong>⁴</strong></span> 
     </span>
     <span class='ocr_line' id='line_1_19' title="bbox 40 1897 1002 1976; baseline 0.003 -20"><span class='ocrx_word' id='word_1_124' title='bbox 40 1900 110 1958; x_wconf 75' lang='lat' dir='ltr'>&gt;sui</span> <span class='ocrx_word' id='word_1_125' title='bbox 131 1903 357 1970; x_wconf 86' lang='lat' dir='ltr'>miseraretur,</span> <span class='ocrx_word' id='word_1_126' title='bbox 374 1901 408 1957; x_wconf 92' lang='lat' dir='ltr'>et</span> <span class='ocrx_word' id='word_1_127' title='bbox 427 1897 524 1971; x_wconf 86' lang='lat' dir='ltr'>Gleri,</span> <span class='ocrx_word' id='word_1_128' title='bbox 541 1902 574 1957; x_wconf 90' lang='lat' dir='ltr'>et</span> <span class='ocrx_word' id='word_1_129' title='bbox 595 1901 674 1976; x_wconf 92' lang='lat' dir='ltr'>quod</span> <span class='ocrx_word' id='word_1_130' title='bbox 689 1898 896 1976; x_wconf 85' lang='lat' dir='ltr'>pertinaciam</span> <span class='ocrx_word' id='word_1_131' title='bbox 917 1898 1002 1959; x_wconf 88' lang='lat' dir='ltr'>rela-</span> 
     </span>
     <span class='ocr_line' id='line_1_20' title="bbox 40 1991 999 2069; baseline 0.001 -18"><span class='ocrx_word' id='word_1_132' title='bbox 40 1999 169 2065; x_wconf 75' lang='lat' dir='ltr'>txarct‚</span> <span class='ocrx_word' id='word_1_133' title='bbox 187 2011 227 2051; x_wconf 89' lang='lat' dir='ltr'>nc</span> <span class='ocrx_word' id='word_1_134' title='bbox 249 1993 315 2068; x_wconf 89' lang='lat' dir='ltr'>ipse</span> <span class='ocrx_word' id='word_1_135' title='bbox 337 2008 506 2064; x_wconf 90' lang='lat' dir='ltr'>carcerem,</span> <span class='ocrx_word' id='word_1_136' title='bbox 521 1996 554 2052; x_wconf 90' lang='lat' dir='ltr'>et</span> <span class='ocrx_word' id='word_1_137' title='bbox 575 1993 685 2053; x_wconf 83' lang='lat' dir='ltr'>Olerus</span> <span class='ocrx_word' id='word_1_138' title='bbox 705 1991 930 2054; x_wconf 86' lang='lat' dir='ltr'>exterminium</span> <span class='ocrx_word' id='word_1_139' title='bbox 945 2011 999 2069; x_wconf 90' lang='lat' dir='ltr'>pa-</span> 
     </span>
     <span class='ocr_line' id='line_1_21' title="bbox 39 2084 998 2159; baseline 0.005 -18"><span class='ocrx_word' id='word_1_140' title='bbox 39 2091 204 2147; x_wconf 67' lang='lat' dir='ltr'>uteretur.</span> <span class='ocrx_word' id='word_1_141' title='bbox 221 2085 281 2145; x_wconf 87' lang='lat' dir='ltr'>Vir</span> <span class='ocrx_word' id='word_1_142' title='bbox 295 2084 435 2144; x_wconf 89' lang='lat' dir='ltr'>invictae</span> <span class='ocrx_word' id='word_1_143' title='bbox 455 2085 662 2159; x_wconf 86' lang='lat' dir='ltr'>constantiae,</span> <span class='ocrx_word' id='word_1_144' title='bbox 676 2090 709 2146; x_wconf 91' lang='lat' dir='ltr'>et</span> <span class='ocrx_word' id='word_1_145' title='bbox 723 2086 754 2145; x_wconf 91' lang='lat' dir='ltr'>in</span> <span class='ocrx_word' id='word_1_146' title='bbox 768 2088 867 2147; x_wconf 89' lang='lat' dir='ltr'>Petra</span> <span class='ocrx_word' id='word_1_147' title='bbox 878 2086 998 2148; x_wconf 79' lang='lat' dir='ltr'>Christi</span> 
     </span>
     <span class='ocr_line' id='line_1_22' title="bbox 41 2179 1000 2256; baseline 0.006 -22"><span class='ocrx_word' id='word_1_148' title='bbox 41 2179 228 2253; x_wconf 71' lang='lat' dir='ltr'>»fundatus</span> <span class='ocrx_word' id='word_1_149' title='bbox 244 2183 277 2238; x_wconf 89' lang='lat' dir='ltr'>et</span> <span class='ocrx_word' id='word_1_150' title='bbox 291 2197 387 2255; x_wconf 90' lang='lat' dir='ltr'>usque</span> <span class='ocrx_word' id='word_1_151' title='bbox 402 2180 477 2238; x_wconf 90' lang='lat' dir='ltr'>tune</span> <span class='ocrx_word' id='word_1_152' title='bbox 502 2197 558 2238; x_wconf 92' lang='lat' dir='ltr'>nec</span> <span class='ocrx_word' id='word_1_153' title='bbox 571 2179 735 2240; x_wconf 91' lang='lat' dir='ltr'>blanditiis</span> <span class='ocrx_word' id='word_1_154' title='bbox 753 2181 928 2256; x_wconf 87' lang='lat' dir='ltr'>emollitus,</span> <span class='ocrx_word' id='word_1_155' title='bbox 945 2199 1000 2241; x_wconf 92' lang='lat' dir='ltr'>nec</span> 
     </span>
     <span class='ocr_line' id='line_1_23' title="bbox 42 2277 999 2355; baseline 0.007 -24"><span class='ocrx_word' id='word_1_156' title='bbox 42 2277 250 2337; x_wconf 77' lang='lat' dir='ltr'>»terroribus</span> <span class='ocrx_word' id='word_1_157' title='bbox 270 2292 447 2346; x_wconf 90' lang='lat' dir='ltr'>concussus,</span> <span class='ocrx_word' id='word_1_158' title='bbox 472 2277 597 2334; x_wconf 90' lang='lat' dir='ltr'>tandem</span> <span class='ocrx_word' id='word_1_159' title='bbox 619 2277 725 2354; x_wconf 83' lang='lat' dir='ltr'>potius</span> <span class='ocrx_word' id='word_1_160' title='bbox 746 2295 840 2355; x_wconf 90' lang='lat' dir='ltr'>super</span> <span class='ocrx_word' id='word_1_161' title='bbox 860 2279 999 2351; x_wconf 85' lang='lat' dir='ltr'>Olerum,</span> 
     </span>
     <span class='ocr_line' id='line_1_24' title="bbox 40 2367 1002 2446; baseline 0.009 -24"><span class='ocrx_word' id='word_1_162' title='bbox 40 2385 158 2445; x_wconf 81' lang='lat' dir='ltr'>»quam</span> <span class='ocrx_word' id='word_1_163' title='bbox 182 2385 276 2446; x_wconf 88' lang='lat' dir='ltr'>super</span> <span class='ocrx_word' id='word_1_164' title='bbox 302 2386 333 2429; x_wconf 90' lang='lat' dir='ltr'>se</span> <span class='ocrx_word' id='word_1_165' title='bbox 354 2367 557 2428; x_wconf 90' lang='lat' dir='ltr'>miseratione</span> <span class='ocrx_word' id='word_1_166' title='bbox 585 2373 706 2442; x_wconf 90' lang='lat' dir='ltr'>motus,</span> <span class='ocrx_word' id='word_1_167' title='bbox 729 2389 748 2429; x_wconf 87' lang='lat' dir='ltr'>a</span> <span class='ocrx_word' id='word_1_168' title='bbox 769 2370 888 2444; x_wconf 84' lang='lat' dir='ltr'>gremio</span> <span class='ocrx_word' id='word_1_169' title='bbox 916 2370 1002 2431; x_wconf 86' lang='lat' dir='ltr'>veri·</span> 
     </span>
     <span class='ocr_line' id='line_1_25' title="bbox 41 2461 1001 2536; baseline 0.006 -20"><span class='ocrx_word' id='word_1_170' title='bbox 41 2464 164 2536; x_wconf 74' lang='lat' dir='ltr'>atatis,</span> <span class='ocrx_word' id='word_1_171' title='bbox 187 2481 224 2522; x_wconf 88' lang='lat' dir='ltr'>ac</span> <span class='ocrx_word' id='word_1_172' title='bbox 245 2481 264 2521; x_wconf 94' lang='lat' dir='ltr'>a</span> <span class='ocrx_word' id='word_1_173' title='bbox 286 2461 354 2521; x_wconf 90' lang='lat' dir='ltr'>sinu</span> <span class='ocrx_word' id='word_1_174' title='bbox 382 2463 496 2521; x_wconf 90' lang='lat' dir='ltr'>matris</span> <span class='ocrx_word' id='word_1_175' title='bbox 523 2461 721 2523; x_wconf 78' lang='lat' dir='ltr'>avellitur.»</span> <span class='ocrx_word' id='word_1_176' title='bbox 742 2464 821 2524; x_wconf 91' lang='lat' dir='ltr'>Post</span> <span class='ocrx_word' id='word_1_177' title='bbox 845 2480 916 2522; x_wconf 91' lang='lat' dir='ltr'>eum</span> <span class='ocrx_word' id='word_1_178' title='bbox 944 2463 1001 2524; x_wconf 92' lang='lat' dir='ltr'>alii</span> 
     </span>
     <span class='ocr_line' id='line_1_26' title="bbox 40 2554 999 2633; baseline 0.005 -23"><span class='ocrx_word' id='word_1_179' title='bbox 40 2554 182 2617; x_wconf 88' lang='lat' dir='ltr'>iurarunt</span> <span class='ocrx_word' id='word_1_180' title='bbox 202 2555 359 2633; x_wconf 78' lang='lat' dir='ltr'>Episcopi3</span> <span class='ocrx_word' id='word_1_181' title='bbox 375 2554 427 2614; x_wconf 87' lang='lat' dir='ltr'>sed</span> <span class='ocrx_word' id='word_1_182' title='bbox 448 2555 711 2632; x_wconf 69' lang='lat' dir='ltr'>archiepiscopus</span> <span class='ocrx_word' id='word_1_183' title='bbox 732 2575 801 2616; x_wconf 92' lang='lat' dir='ltr'>oum</span> <span class='ocrx_word' id='word_1_184' title='bbox 816 2557 999 2632; x_wconf 85' lang='lat' dir='ltr'>agnovisset</span> 
     </span>
     <span class='ocr_line' id='line_1_27' title="bbox 40 2647 999 2725; baseline 0.002 -20"><span class='ocrx_word' id='word_1_185' title='bbox 40 2665 174 2711; x_wconf 88' lang='lat' dir='ltr'>errorem</span> <span class='ocrx_word' id='word_1_186' title='bbox 196 2667 299 2722; x_wconf 92' lang='lat' dir='ltr'>suum,</span> <span class='ocrx_word' id='word_1_187' title='bbox 315 2648 451 2708; x_wconf 84' lang='lat' dir='ltr'>maximo</span> <span class='ocrx_word' id='word_1_188' title='bbox 473 2665 637 2725; x_wconf 86' lang='lat' dir='ltr'>oppressus</span> <span class='ocrx_word' id='word_1_189' title='bbox 652 2649 760 2708; x_wconf 91' lang='lat' dir='ltr'>dolore</span> <span class='ocrx_word' id='word_1_190' title='bbox 781 2647 948 2725; x_wconf 84' lang='lat' dir='ltr'>ingemuit,</span> <span class='ocrx_word' id='word_1_191' title='bbox 964 2650 999 2707; x_wconf 91' lang='lat' dir='ltr'>et</span> 
     </span>
     <span class='ocr_line' id='line_1_28' title="bbox 40 2740 1034 2821; baseline 0.003 -23"><span class='ocrx_word' id='word_1_192' title='bbox 40 2745 194 2821; x_wconf 89' lang='lat' dir='ltr'>suspirans</span> <span class='ocrx_word' id='word_1_193' title='bbox 222 2742 286 2801; x_wconf 90' lang='lat' dir='ltr'>ait:</span> <span class='ocrx_word' id='word_1_194' title='bbox 310 2741 498 2814; x_wconf 75' lang='lat' dir='ltr'>«Poenica,</span> <span class='ocrx_word' id='word_1_195' title='bbox 522 2744 555 2800; x_wconf 92' lang='lat' dir='ltr'>et</span> <span class='ocrx_word' id='word_1_196' title='bbox 583 2740 727 2818; x_wconf 83' lang='lat' dir='ltr'>graviter</span> <span class='ocrx_word' id='word_1_197' title='bbox 755 2741 996 2817; x_wconf 89' lang='lat' dir='ltr'>perhorrescens</span> <span class='ocrx_word' id='word_1_198' title='bbox 1031 2752 1034 2758; x_wconf 86' lang='grc'><strong>“</strong></span> 
     </span>
     <span class='ocr_line' id='line_1_29' title="bbox 42 2833 997 2913; baseline 0.003 -22"><span class='ocrx_word' id='word_1_199' title='bbox 42 2852 247 2910; x_wconf 75' lang='lat' dir='ltr'>cencessum,</span> <span class='ocrx_word' id='word_1_200' title='bbox 273 2853 323 2895; x_wconf 91' lang='lat' dir='ltr'>me</span> <span class='ocrx_word' id='word_1_201' title='bbox 344 2835 451 2913; x_wconf 85' lang='lat' dir='ltr'>ipsum&#39;</span> <span class='ocrx_word' id='word_1_202' title='bbox 467 2833 630 2911; x_wconf 85' lang='lat' dir='ltr'>indignum</span> <span class='ocrx_word' id='word_1_203' title='bbox 653 2833 756 2893; x_wconf 90' lang='lat' dir='ltr'>iudico</span> <span class='ocrx_word' id='word_1_204' title='bbox 779 2834 816 2893; x_wconf 91' lang='lat' dir='ltr'>de</span> <span class='ocrx_word' id='word_1_205' title='bbox 837 2837 942 2893; x_wconf 89' lang='lat' dir='ltr'>cetero</span> <span class='ocrx_word' id='word_1_206' title='bbox 960 2835 997 2895; x_wconf 89' lang='lat' dir='ltr'>ad</span> 
     </span>
     <span class='ocr_line' id='line_1_30' title="bbox 43 2915 1003 3002; baseline 0.001 -16"><span class='ocrx_word' id='word_1_207' title='bbox 43 2947 136 2990; x_wconf 80' lang='lat' dir='ltr'>»eum</span> <span class='ocrx_word' id='word_1_208' title='bbox 157 2931 305 2991; x_wconf 89' lang='lat' dir='ltr'>accedere</span> <span class='ocrx_word' id='word_1_209' title='bbox 326 2929 358 2988; x_wconf 92' lang='lat' dir='ltr'>in</span> <span class='ocrx_word' id='word_1_210' title='bbox 381 2929 574 3002; x_wconf 83' lang='lat' dir='ltr'>Sacerdotio,</span> <span class='ocrx_word' id='word_1_211' title='bbox 598 2931 634 2988; x_wconf 91' lang='lat' dir='ltr'>de</span> <span class='ocrx_word' id='word_1_212' title='bbox 657 2929 744 2988; x_wconf 91' lang='lat' dir='ltr'>cuius</span> <span class='ocrx_word' id='word_1_213' title='bbox 765 2928 906 2989; x_wconf 85' lang='lat' dir='ltr'>Ecclesia</span> <span class='ocrx_word' id='word_1_214' title='bbox 924 2915 1003 2988; x_wconf 71' lang='lat' dir='ltr'>‘con-</span> 
     </span>
     <span class='ocr_line' id='line_1_31' title="bbox 43 3021 997 3101; baseline 0.003 -23"><span class='ocrx_word' id='word_1_215' title='bbox 43 3025 152 3086; x_wconf 70' lang='lat' dir='ltr'>»traxi</span> <span class='ocrx_word' id='word_1_216' title='bbox 169 3029 237 3084; x_wconf 84' lang='lat' dir='ltr'>tam</span> <span class='ocrx_word' id='word_1_217' title='bbox 251 3023 316 3084; x_wconf 92' lang='lat' dir='ltr'>vile</span> <span class='ocrx_word' id='word_1_218' title='bbox 338 3021 569 3082; x_wconf 89' lang='lat' dir='ltr'>commercium.</span> <span class='ocrx_word' id='word_1_219' title='bbox 586 3023 692 3083; x_wconf 88' lang='lat' dir='ltr'>Silebo</span> <span class='ocrx_word' id='word_1_220' title='bbox 713 3022 820 3101; x_wconf 88' lang='lat' dir='ltr'>itaquo</span> <span class='ocrx_word' id='word_1_221' title='bbox 842 3024 951 3084; x_wconf 89' lang='lat' dir='ltr'>sedens</span> <span class='ocrx_word' id='word_1_222' title='bbox 966 3023 997 3081; x_wconf 94' lang='lat' dir='ltr'>in</span> 
     </span>
     <span class='ocr_line' id='line_1_32' title="bbox 43 3115 1000 3195; baseline 0.006 -24"><span class='ocrx_word' id='word_1_223' title='bbox 43 3133 221 3192; x_wconf 71' lang='lat' dir='ltr'>moerore,</span> <span class='ocrx_word' id='word_1_224' title='bbox 237 3118 333 3176; x_wconf 91' lang='lat' dir='ltr'>donec</span> <span class='ocrx_word' id='word_1_225' title='bbox 354 3115 538 3176; x_wconf 85' lang='lat' dir='ltr'>visitaverit</span> <span class='ocrx_word' id='word_1_226' title='bbox 558 3133 607 3175; x_wconf 93' lang='lat' dir='ltr'>me</span> <span class='ocrx_word' id='word_1_227' title='bbox 622 3117 733 3178; x_wconf 91' lang='lat' dir='ltr'>Oriens</span> <span class='ocrx_word' id='word_1_228' title='bbox 748 3118 879 3192; x_wconf 86' lang='lat' dir='ltr'>exalto,</span> <span class='ocrx_word' id='word_1_229' title='bbox 896 3119 929 3177; x_wconf 89' lang='lat' dir='ltr'>et</span> <span class='ocrx_word' id='word_1_230' title='bbox 943 3135 1000 3195; x_wconf 88' lang='lat' dir='ltr'>per</span> 
     </span>
     <span class='ocr_line' id='line_1_33' title="bbox 45 3208 997 3288; baseline 0.003 -20"><span class='ocrx_word' id='word_1_231' title='bbox 45 3209 168 3288; x_wconf 84' lang='lat' dir='ltr'>»ipsum</span> <span class='ocrx_word' id='word_1_232' title='bbox 190 3212 306 3283; x_wconf 90' lang='lat' dir='ltr'>Deum,</span> <span class='ocrx_word' id='word_1_233' title='bbox 330 3211 363 3269; x_wconf 89' lang='lat' dir='ltr'>et</span> <span class='ocrx_word' id='word_1_234' title='bbox 383 3208 548 3269; x_wconf 92' lang='lat' dir='ltr'>Dominum</span> <span class='ocrx_word' id='word_1_235' title='bbox 569 3210 686 3285; x_wconf 88' lang='lat' dir='ltr'>Papam</span> <span class='ocrx_word' id='word_1_236' title='bbox 715 3228 840 3272; x_wconf 90' lang='lat' dir='ltr'>merear</span> <span class='ocrx_word' id='word_1_237' title='bbox 862 3211 997 3271; x_wconf 89' lang='lat' dir='ltr'>absolvi.</span> 
     </span>
     <span class='ocr_line' id='line_1_34' title="bbox 45 3301 999 3382; baseline 0.007 -24"><span class='ocrx_word' id='word_1_238' title='bbox 45 3306 186 3365; x_wconf 81' lang='lat' dir='ltr'>»Videre</span> <span class='ocrx_word' id='word_1_239' title='bbox 207 3304 290 3364; x_wconf 93' lang='lat' dir='ltr'>enim</span> <span class='ocrx_word' id='word_1_240' title='bbox 311 3303 374 3363; x_wconf 89' lang='lat' dir='ltr'>iam</span> <span class='ocrx_word' id='word_1_241' title='bbox 396 3301 475 3362; x_wconf 92' lang='lat' dir='ltr'>mihi</span> <span class='ocrx_word' id='word_1_242' title='bbox 497 3301 626 3374; x_wconf 89' lang='lat' dir='ltr'>videor,</span> <span class='ocrx_word' id='word_1_243' title='bbox 648 3304 743 3378; x_wconf 87' lang='lat' dir='ltr'>quod,</span> <span class='ocrx_word' id='word_1_244' title='bbox 766 3304 843 3364; x_wconf 91' lang='lat' dir='ltr'>meis</span> <span class='ocrx_word' id='word_1_245' title='bbox 864 3305 999 3382; x_wconf 89' lang='lat' dir='ltr'>peccatis</span> 
     </span>
     <span class='ocr_line' id='line_1_35' title="bbox 46 3394 999 3477; baseline 0 -19"><span class='ocrx_word' id='word_1_246' title='bbox 46 3399 292 3477; x_wconf 80' lang='lat' dir='ltr'>»exigentibus,</span> <span class='ocrx_word' id='word_1_247' title='bbox 322 3399 434 3457; x_wconf 91' lang='lat' dir='ltr'>debeat</span> <span class='ocrx_word' id='word_1_248' title='bbox 462 3394 609 3455; x_wconf 89' lang='lat' dir='ltr'>ancillari</span> <span class='ocrx_word' id='word_1_249' title='bbox 641 3395 816 3472; x_wconf 84' lang='lat' dir='ltr'>Anglicana</span> <span class='ocrx_word' id='word_1_250' title='bbox 846 3399 999 3472; x_wconf 88' lang='lat' dir='ltr'>Ecclesia,</span> 
     </span>
     <span class='ocr_line' id='line_1_36' title="bbox 46 3488 999 3570; baseline 0.004 -24"><span class='ocrx_word' id='word_1_251' title='bbox 46 3507 159 3570; x_wconf 77' lang='lat' dir='ltr'>aquam</span> <span class='ocrx_word' id='word_1_252' title='bbox 181 3491 245 3550; x_wconf 92' lang='lat' dir='ltr'>mei</span> <span class='ocrx_word' id='word_1_253' title='bbox 265 3492 524 3553; x_wconf 86' lang='lat' dir='ltr'>Praedonessores</span> <span class='ocrx_word' id='word_1_254' title='bbox 551 3488 637 3548; x_wconf 90' lang='lat' dir='ltr'>inter</span> <span class='ocrx_word' id='word_1_255' title='bbox 665 3491 717 3549; x_wconf 90' lang='lat' dir='ltr'>tot</span> <span class='ocrx_word' id='word_1_256' title='bbox 737 3493 771 3549; x_wconf 93' lang='lat' dir='ltr'>et</span> <span class='ocrx_word' id='word_1_257' title='bbox 792 3493 899 3565; x_wconf 89' lang='lat' dir='ltr'>tanta,</span> <span class='ocrx_word' id='word_1_258' title='bbox 921 3510 999 3569; x_wconf 88' lang='lat' dir='ltr'>quae</span> 
     </span>
    </p>
   </div>
   <div class='ocr_carea' id='block_1_4' title="bbox 133 3613 907 3664">
    <p class='ocr_par' dir='ltr' id='par_1_4' title="bbox 133 3613 907 3664">
     <span class='ocr_line' id='line_1_37' title="bbox 133 3613 907 3664; baseline -0.003 0"><span class='ocrx_word' id='word_1_259' title='bbox 133 3613 193 3664; x_wconf 85' lang='lat' dir='ltr'>Vol.</span> <span class='ocrx_word' id='word_1_260' title='bbox 211 3614 239 3663; x_wconf 92' lang='grc' dir='ltr'>Ι.</span> <span class='ocrx_word' id='word_1_261' title='bbox 892 3617 907 3662; x_wconf 91' lang='grc'>8</span> 
     </span>
    </p>
   </div>
   <div class='ocr_carea' id='block_1_5' title="bbox 0 0 1268 4198">
    <p class='ocr_par' dir='ltr' id='par_1_5' title="bbox 0 0 1268 4198">
     <span class='ocr_line' id='line_1_38' title="bbox 0 0 1268 4198; baseline 0 0"><span class='ocrx_word' id='word_1_262' title='bbox 0 0 1268 4198; x_wconf 95' lang='lat' dir='ltr'> </span> 
     </span>
    </p>
   </div>
  </div>
 </body>
</html>
