2492 4202
430 217 609 279 -313-

15 287 16 336 ξ
48 324 108 378 rent
127 321 337 383 matrimonio
354 323 420 383 aine
439 324 569 402 parochi
583 323 760 401 praeseutia
782 326 946 384 contracte
960 323 1000 384 iis

48 413 73 470 in
92 414 178 488 locis,
203 415 238 474 in
260 415 520 493 quibusparochi
543 417 721 494 praesentia
734 417 842 478 haberi
859 435 917 476 uon
933 433 1002 494 pos-

47 506 90 566 sit.
105 509 137 566 ln
152 507 247 567 cuius
269 510 316 568 rei
331 509 622 581 confirmationem,
638 511 673 570 et
692 511 939 572 clarissimorum
955 510 1002 569 vi·

46 615 142 658 rorum
165 600 353 662 testimonia
368 601 501 679 profers,
517 603 785 666 etauctoritatem
807 601 1001 679 potissimum

46 691 73 750 S.
87 693 357 772 Congregatiooie
377 695 521 756 Concilii.
538 696 588 756 Ab
609 714 647 755 ea
667 696 749 756 euim
770 697 890 773 pluries
916 713 1002 756 reso-

45 782 136 844 lutum
159 805 231 846 esse
251 791 405 860 adnotes,
429 789 577 848 satisfieri
604 790 703 850 menti
724 789 903 850 Tridentini
925 791 1002 850 Cou-

45 875 101 936 cilii
121 880 314 942 celebrando
334 882 570 943 matrimonium
591 900 695 943 coram
711 882 856 956 testibus,
879 883 931 943 ubi
946 901 1002 959 pa·

46 972 121 1032 rochi
149 975 336 1050 praesentia
363 976 471 1035 haberi
499 979 644 1053 nequeat.
667 977 716 1036 le
741 994 801 1053 quo
830 975 947 1036 inferre
969 980 1001 1036 te

46 1081 124 1137 posse
150 1069 347 1141 arbitraris,
369 1070 477 1130 valida
503 1070 624 1129 censeri
656 1070 768 1130 debere
799 1071 1000 1130 matrimonia

46 1157 102 1218 uine
122 1162 260 1237 parochi
281 1162 458 1239 praesentia
478 1163 637 1223 celebrata
658 1164 696 1222 ab
718 1163 757 1222 iis
778 1162 922 1222 fidelibus
936 1165 998 1223 Lu·

46 1250 193 1314 cionensis
216 1255 376 1329 dioecesis,
392 1255 445 1332 qui
466 1258 601 1332 parocho
621 1273 728 1316 carere
743 1259 909 1332 cognatum
923 1273 1003 1331 quo·

47 1342 120 1404 niam
141 1347 176 1406 in
201 1348 267 1408 vim
295 1351 538 1426 praememorati
566 1349 686 1410 deonoti
717 1349 893 1410 Nationalis
920 1350 1002 1411 Gon-

45 1443 151 1499 rentus
173 1442 376 1503 matrimonia
402 1443 546 1503 contrahi
568 1443 682 1504 debent
701 1460 806 1502 coram
829 1442 1003 1519 Municipe-

47 1528 152 1608 litate,
188 1555 244 1596 seu
278 1536 404 1596 officiali
427 1536 557 1613 abipsa
585 1537 837 1614 Municipalitate
869 1539 1000 1610 delecto,

48 1629 179 1704 quodque
202 1631 338 1689 multum
358 1631 491 1690 interest
504 1633 541 1690 ad
562 1631 605 1704 id,
619 1633 658 1689 de
675 1649 734 1708 quo
749 1631 883 1708 agitur,
905 1632 1002 1692 etiam

48 1735 141 1782 coram
164 1727 303 1802 quatuor
324 1724 470 1784 testibus.
483 1725 567 1784 Haec
581 1742 701 1785 summa
721 1728 770 1785 est
789 1742 908 1797 eorum3
924 1742 1002 1801 quae

49 1810 151 1877 intua
172 1818 310 1895 epistola
336 1819 562 1892 continentur,
585 1823 679 1895 atque
703 1818 801 1878 ferme
832 1820 908 1878 haec
936 1820 1004 1896 ipsa

50 1910 266 1984 complectitur
289 1911 442 1988 epistola,
464 1923 554 1988 quam
570 1912 773 1972 Luciouensis
786 1911 934 1971 dioecesis
950 1929 1004 1988 pa-

51 2003 124 2060 rochi
149 2007 189 2066 ad
214 2008 245 2064 te
268 2006 522 2066 transmiserunt.
636 2037 638 2044 v

100 2099 143 2160 Ut
165 2100 269 2176 igitur
289 2100 328 2159 iis
347 2101 503 2173 omnibus,
518 2119 596 2177 quae
609 2104 838 2178 proponuntur,
856 2103 1004 2178 opportu-

52 2205 114 2250 num
142 2195 277 2253 daretur
307 2211 487 2270 responsum
502 2195 636 2267 staec,
659 2214 737 2272 quae
767 2201 962 2272 sequuntur,
984 2214 1004 2255 a

50 2286 188 2356 praefata
212 2287 425 2350 Oardiualium
453 2288 701 2365 Congregatioue
733 2289 908 2350 constituta
937 2289 1004 2349 fue·

51 2385 205 2444 runtz-l.
215 2383 350 2442 Frustra
364 2367 576 2458 quaestionem
590 2385 681 2442 modo
695 2383 829 2452 moveri,
846 2399 917 2440 num
934 2381 1005 2442 Tri·

50 2470 165 2535 dentini
186 2475 317 2536 Concilii
336 2477 496 2536 decretum
511 2477 702 2552 publicatum
725 2475 756 2534 in
779 2476 912 2552 singulis
932 2476 1007 2536 Gal-

52 2561 159 2629 liarum
175 2569 324 2634 Ecclesiis
337 2569 446 2629 fuerit.
462 2571 538 2630 Cum
554 2569 635 2627 enim
650 2573 737 2628 certo
751 2570 869 2628 certius
882 2571 1006 2628 constet

51 2655 78 2717 in
97 2663 248 2724 Ecclesiis
270 2663 446 2724 Galliarum
468 2663 530 2722 iam
553 2681 609 2721 usu
624 2666 783 2738 receptum
798 2679 877 2730 esse,
892 2665 927 2722 ut
941 2679 1006 2722 ma·

53 2751 198 2816 trimonia
219 2755 419 2814 celebrentur
447 2744 553 2815 corum
583 2754 718 2830 parocho
750 2759 784 2814 et
814 2756 931 2816 duobus
953 2755 1005 2814 vel

53 2845 149 2908 tribus
171 2848 305 2909 testibus
327 2853 484 2924 tamquam
500 2848 532 2906 in
548 2846 780 2907 exsecutionem
794 2846 914 2906 decreti
928 2847 1007 2908 Gon-

55 2938 114 3000 cilii
129 2942 323 3016 Tridentini,
340 2944 396 3002 hoc
411 2943 552 3019 profecto
573 2941 649 3002 satis
664 2941 757 3000 debet
770 2958 848 3011 esse,
866 2944 902 2999 ut
917 2959 1006 3017 prae·

53 3041 190 3096 sumatur
207 3035 289 3096 facta
310 3036 446 3096 eiusdem
469 3036 588 3094 decreti
602 3033 784 3111 publicatio,
800 3033 883 3093 sicut
897 3037 1006 3110 aperte

53 3120 167 3204 legitur
188 3129 219 3187 in
242 3128 433 3188 resolutione
454 3129 542 3188 edita
560 3147 581 3188 a
601 3129 634 3188 S.
658 3125 908 3204 congregatione
928 3127 1007 3187 Ocn-

52 3218 113 3283 cilii
134 3224 184 3282 die
206 3223 246 3282 26
266 3221 462 3299 Septembris
489 3221 585 3282 1602:
608 3220 885 3298 «publicationem
911 3239 1006 3297 prae-

55 3317 172 3388 ›sumi‚
195 3315 247 3376 ubi
269 3315 301 3375 id
322 3316 484 3376 decretum
502 3314 605 3374 luerit
619 3314 724 3390 aliquo
740 3316 881 3388 tempore
902 3313 933 3372 iu
954 3332 1009 3393 pe·

55 3411 189 3472 >rochia
218 3413 376 3486 tamquam
405 3409 566 3468 decretum
595 3405 728 3466 Concilii
755 3407 1005 3468 observatum.»

55 3499 193 3583 Idemque
214 3507 370 3566 statutum
391 3503 512 3582 legitur
537 3502 570 3562 iu
596 3501 660 3561 alia
681 3501 875 3563 resolutione
896 3502 945 3563 die
966 3501 1007 3564 30
