2372 4198
624 193 745 253 -334
766 225 804 238 -

232 305 410 375 eustanum,
433 320 564 380 regnum
586 301 692 361 mundi
768 301 794 360 si
817 301 999 362 steterimus
1013 301 1111 374 simul,
1126 305 1172 362 Ec·

232 412 251 455 e
265 396 360 456 clesia
378 397 434 457 Dei
456 397 621 473 apparebit
637 393 795 455 terribilis
808 399 845 454 ut
858 397 1035 454 castrorum
1048 395 1124 454 acics
1136 413 1171 454 or

141 493 143 496 '
233 487 374 550 »dicata
388 487 475 568 (l).»

292 581 388 641 Aliud
411 582 457 641 tui
481 582 578 643 studii
607 585 700 658 atque
729 579 853 642 ardoris
875 587 1092 660 argumentum
1118 584 1170 651 Tu,

233 679 432 740 Venerabilis
453 682 591 760 Frater,
612 679 805 754 exhibuisti,
826 697 895 739 eum
917 682 1049 744 Nostros
1069 680 1171 740 litteras

233 772 283 832 die
306 775 344 835 19
358 775 467 836 Martii
489 775 669 852 praeteriti,
685 779 718 834 et
740 775 788 835 die
813 775 946 835 131unii
973 776 1111 853 proxime
1129 775 1172 833 ela·

233 867 281 943 psi
303 868 404 942 datas,
420 869 452 927 in
474 869 589 946 vulgus
611 870 745 930 edendas
761 871 895 942 curasti,
912 889 971 929 non
994 888 1050 947 per
1064 870 1172 946 amplan

233 962 323 1020 modo
339 965 425 1023 tuam
449 966 633 1040 tuorumque
655 963 929 1040 Suffraganeorum
942 963 1121 1034 Dioecesim,
1133 962 1172 1019 illa

234 1054 328 1114 etiam
350 1058 584 1134 comprehensa,
600 1074 678 1132 quae
701 1059 737 1116 ad
754 1056 910 1140 infelicem
932 1057 1073 1133 pertinet
1092 1058 1173 1132 Augu·

233 1148 452 1208 stodunenscm
474 1148 671 1224 Episcopum,
687 1150 740 1208 sed
762 1167 818 1225 per
832 1150 992 1210 Dioeccses
1013 1151 1106 1210 etiam
1119 1149 1172 1206 Pro

232 1239 355 1299 vinciae
377 1241 581 1315 Senonensis,
606 1244 694 1300 cuius
716 1241 979 1318 Metropolitanus
1001 1260 1055 1303 suo
1078 1242 1170 1319 pariter

233 1333 334 1393 defuit
355 1334 464 1394 officio:
481 1352 542 1410 que
562 1334 594 1392 in
617 1353 664 1406 re,
680 1351 736 1412 pro
758 1339 814 1393 tua
833 1336 987 1412 religione
1009 1355 1082 1396 usus
1101 1354 1129 1394 es
1146 1333 1178 1392 iit,

232 1425 462 1501 Facultatibus,
478 1446 553 1504 quas
576 1421 634 1487 tibi
650 1429 729 1514 hanc
749 1428 848 1506 ipsam
871 1431 909 1488 ob
930 1448 1056 1491 causam
1077 1423 1178 1490 conces

233 1520 330 1582 simus
350 1524 466 1584 Nostra
488 1525 686 1602 responsione
708 1526 844 1586 eiusdem
867 1527 917 1586 die
941 1528 979 1588 19
1000 1529 1118 1600 Martii,
1130 1525 1169 1584 sal·

233 1613 283 1674 vis
304 1616 436 1691 iuribus,
459 1634 537 1694 quae
558 1619 595 1679 ad
619 1624 650 1678 te
672 1623 815 1696 possent,
838 1624 998 1698 tamquam
1019 1625 1058 1682 ad
1078 1624 1168 1682 Prinn-

233 1716 310 1785 tcm,
326 1712 496 1787 pertinere.

293 1805 441 1866 Declaras
467 1808 502 1865 tu
531 1805 674 1882 quidem,
697 1804 836 1883 apprime
864 1806 921 1867 tibi
951 1813 1076 1885 gratam
1101 1808 1166 1866 luisse

233 1903 380 1964 Nostram
404 1901 482 1959 benc
497 1898 608 1976 agendi
625 1899 792 1970 rationem,
810 1903 843 1959 et
869 1904 1059 1960 commotum
1081 1908 1108 1961 te
1124 1915 1165 1957 esse

234 1995 392 2073 significas
402 1993 528 2055 Nostris
543 1993 697 2068 laudibus,
711 1994 821 2070 quibus
836 1993 951 2053 merito
965 1995 1096 2072 teipsum
1107 2010 1165 2072 prae

233 2090 318 2150 dicta
331 2091 448 2150 Nostra
464 2086 662 2164 responsione
684 2087 924 2146 cumulavimus.
942 2089 1002 2148 Sed
1019 2101 1162 2166 persuasnn

233 2182 293 2244 tibi
315 2200 382 2242 esse
404 2181 569 2252 volumus,
599 2179 721 2238 nullum
740 2181 805 2241 Nos
825 2183 1103 2242 commendationis
1118 2183 1160 2238 tun
1176 2239 1177 2242 Ἴ

233 2277 326 2336 finem
348 2274 503 2347 facturos,
528 2273 552 2332 si
575 2273 723 2350 prosequi
744 2273 896 2333 vellemus
925 2273 1053 2352 singula
1075 2273 1152 2336 laudun
1176 2307 1177 2390 1

233 2386 360 2447 genera,
376 2366 487 2444 quibus
510 2367 582 2424 tuae
597 2365 778 2440 praeclarae
794 2382 844 2424 res
859 2367 968 2440 gestae
983 2365 1151 2427 commentar

120 2527 123 2541 ,
234 2468 299 2534 tur,
317 2466 350 2521 et
370 2460 482 2538 quibus
496 2462 571 2518 tuuc
592 2458 726 2518 maxime
741 2457 898 2532 enituisti,
916 2477 985 2517 cum
1001 2457 1154 2538 Apostolus
1175 2469 1176 2538 j

231 2559 367 2620 Nostros
388 2555 516 2615 litteras
547 2553 691 2612 editurus
716 2552 903 2612 familiarem
937 2554 1101 2630 epistolam
1117 2568 1158 2611 con·

233 2648 388 2728 scripsisti
420 2648 520 2707 eidem
544 2645 822 2724 Augustodunensi
844 2646 1018 2724 Episcopo,
1044 2650 1159 2720 aliamque

232 2743 428 2807 Pastoralem
451 2741 615 2848 epistolam
637 2739 835 2800 circumferri
854 2740 985 2812 iussisti,
1002 2742 1087 2802 cuius
1105 2747 1175 2816 egre*

233 2839 280 2916 gii
307 2853 412 2896 sensus
433 2834 546 2894 mirum
568 2833 601 2891 in
622 2835 745 2892 modum
767 2835 956 2910 respondent
970 2835 1106 2894 sensibus
1121 2831 1175 2894 uo·

233 2938 371 2992 utrarum
387 2929 443 2989 litt
430 2933 582 3015 terarum,
598 2928 735 3005 adeoque
756 2945 816 2987 una
837 2927 930 2988 simul
945 2929 1094 2988 deberent
1105 2925 1173 2984 cerlo

233 3019 352 3085 certius
376 3003 524 3082 reducetc
549 3023 588 3082 ad
603 3021 687 3080 ovile
713 3023 868 3094 errantes,
885 3023 1072 3099 praesertim
1092 3022 1160 3080 intur

233 3135 294 3191 sos3
311 3116 431 3175 modo'
423 3114 445 3173 ni
470 3115 659 3174 horrendum
682 3113 777 3172 finem
806 3113 898 3173 illum
920 3115 1124 3192 prospiciant,
1142 3107 1160 3164 it

233 3230 323 3288 quem
339 3210 492 3271 divinitus
506 3227 634 3286 semper
649 3209 863 3268 devenerunt
854 3227 884 3268 nn
901 3209 1041 3270 Ecclesia
1060 3203 1138 3268 Mosei

233 3308 267 3364 et
287 3303 467 3366 Christiana
487 3302 510 3361 il
531 3320 656 3376 omnes,
673 3302 725 3380 qui
741 3303 916 3363 sacerdotia
937 3302 1087 3378 sacrilege
1100 3314 1138 3358 ooo

295 3431 329 3484 (l)
346 3427 421 3488 Apud
440 3428 571 3476 hebbenm
586 3428 614 3476 ln
631 3428 726 3478 novus.
746 3428 851 3477 collect.
872 3429 969 3477 concil.
986 3426 1088 3476 nunu

233 3505 303 3552 'lom
311 3505 378 3552 xx1.
391 3503 439 3553 col.
454 3505 524 3554 nus.
