2456 4192
223 303 325 362 Tuum
346 305 418 360 erat
445 300 530 360 hisce
546 299 696 360 resistere
718 298 891 372 erroribus,
916 298 1064 376 sequique
1084 315 1192 358 exem-

222 395 309 472 plum
331 395 530 472 collegarum
551 395 702 467 Tuorum3
719 411 790 453 nam
809 391 942 465 veritas,
958 411 1037 470 quae
1061 411 1123 452 non
1140 393 1192 451 dc·

222 487 376 560 fonditur,
391 487 593 566 opprimitur3
609 491 642 546 et
663 486 786 548 erranti
807 486 983 559 consentit,
1004 485 1057 563 qni
1079 486 1120 544 ad
1143 503 1194 544 re·

223 583 367 654 secanda,
383 599 461 658 quae
476 581 593 658 corrigi
614 581 739 652 debent,
753 598 814 639 non
836 579 978 639 occurrit
999 577 1057 659 (1);
1070 584 1105 639 et
1126 579 1193 656 ipse

224 675 257 734 S.
273 675 367 735 Felix
389 677 444 736 III.
465 675 567 747 docet,
583 676 663 751 quod
685 673 848 751 negligens
870 674 1038 734 deturbare
1057 691 1194 750 perver-

223 785 283 841 sos,
299 768 380 828 nihil
401 769 470 846 agit
486 767 588 841 aliud,
611 785 703 845 quam
724 785 775 828 eos
797 767 926 840 fovere3
950 785 1005 828 nec
1026 772 1117 828 caret
1140 787 1194 828 sn·

223 861 359 939 spinione
374 861 544 924 Societatis
557 864 709 933 occultae,
727 861 780 939 qui
801 861 968 922 evidenter
988 861 1123 922 facinori
1140 861 1194 920 de·

224 954 304 1016 sinit
322 956 451 1016 obviare
472 955 529 1034 (2).

282 1049 367 1116 Quae
387 1067 458 1110 cum
480 1051 527 1110 ita
547 1049 623 1121 sint,
637 1051 761 1110 tantum
782 1049 883 1122 abest,
912 1055 947 1109 ut
967 1049 1044 1109 haec
1066 1054 1190 1125 tempo-

222 1158 294 1201 rum
314 1143 452 1204 conditio
466 1143 579 1204 referri
602 1143 699 1220 possit
713 1145 751 1205 ad
772 1161 843 1203 eum
857 1142 1040 1220 Augustini,
1056 1161 1118 1220 quo
1139 1144 1188 1202 Τιι

224 1235 343 1309 uteris,
359 1237 482 1310 locum,
498 1240 536 1298 ut
556 1238 667 1296 contra
688 1236 870 1296 referendus
890 1236 932 1296 sit
954 1237 992 1295 ad
1013 1253 1083 1294 eam
1105 1238 1192 1294 aeta·

224 1333 300 1403 tem,
315 1348 393 1407 quae
416 1332 466 1390 tot
479 1329 637 1392 Ecclesiae
651 1330 817 1407 Episcopos
837 1332 871 1390 et
892 1327 1061 1390 Pontifices
1082 1331 1193 1406 protu-

224 1423 266 1485 lit
279 1423 382 1485 animo
395 1427 602 1500 comparatos,
618 1424 655 1485 ad
671 1441 880 1501 quaecumque
902 1419 986 1482 mala
999 1421 1105 1499 potius
1120 1422 1193 1482 sub·

224 1519 342 1590 cunda,
359 1537 395 1580 ac
415 1517 599 1592 toleranda,
614 1534 705 1594 quam
721 1518 900 1595 quidquam,
916 1517 983 1577 sive
997 1519 1035 1577 dc
1050 1534 1107 1576 suo
1124 1515 1192 1574 iure

224 1615 391 1686 cederent,
417 1613 484 1672 sive
505 1612 581 1683 Dei,
608 1612 825 1689 Ecclesiaequc
852 1628 976 1671 causam
997 1613 1191 1681 desererent,

224 1708 481 1783 quemadmodum
503 1705 649 1782 Collegae
671 1706 733 1766 Tui
748 1707 824 1766 bene
846 1705 939 1764 multi
957 1705 995 1765 ad
1017 1703 1191 1782 Religionis

225 1800 318 1860 decus
332 1799 602 1877 amplificandum,
618 1817 679 1858 non
699 1799 804 1859 verbis
819 1800 910 1858 modo
925 1797 1034 1858 testati
1055 1803 1132 1856 sunt
1146 1797 1192 1856 lu-

225 1893 462 1967 culentissimis,
477 1896 530 1954 scd
552 1893 693 1970 vulgatis
708 1894 804 1954 ctiam
825 1892 963 1970 egregiis
984 1892 1190 1952 monumentis

225 1988 439 2060 declararunt,
455 1987 559 2064 dignis
581 2004 669 2061 sane,
686 2005 764 2065 quae
786 1991 916 2053 aeterna
935 1986 1087 2046 memoria
1109 2004 1191 2045 reco-

228 2081 348 2140 lantur.

286 2175 456 2250 Speremus
470 2193 526 2236 nos
546 2176 670 2253 quidem
685 2174 765 2248 lore,
783 2176 819 2232 nt
832 2174 881 2231 Tu
896 2171 1013 2232 nostris
1027 2171 1111 2230 hisce
1126 2189 1190 2230 mo·

226 2267 304 2328 uitis
324 2268 361 2327 ad
386 2269 522 2339 debitam
544 2269 741 2331 docilitatem
769 2269 870 2329 Tuum
892 2265 1013 2338 referas
1041 2264 1189 2336 animum,

225 2380 286 2445 non
307 2361 446 2422 soluma
473 2379 665 2440 quecumque
685 2360 750 2420 alia
778 2358 921 2419 novitate
944 2356 1126 2434 longissime
1148 2358 1189 2415 Te

225 2474 403 2530 removens,
414 2457 472 2516 sed
490 2455 615 2516 muneri
631 2457 710 2528 Tuo,
726 2453 776 2513 cui
797 2453 949 2513 hactenus
970 2449 1113 2523 defuisti,
1128 2448 1191 2527 pla·
1211 2485 1212 2498 ι

226 2569 264 2610 ne
280 2537 495 2623 satisfaciens,
512 2553 608 2626 utque
630 2546 702 2608 aliis
717 2546 877 2624 Episcopis
898 2547 930 2604 in
950 2562 1043 2606 unum
1066 2561 1191 2604 consen·

227 2643 380 2704 tientibus
400 2643 567 2704 adiunctus
588 2641 661 2702 huic
690 2640 862 2700 adhaereas
887 2635 1086 2715 Apostolicac
1107 2636 1187 2707 Sedi,

227 2737 258 2796 in
274 2755 336 2815 qna
350 2737 571 2815 Megistcrium
590 2740 640 2797 est
654 2733 815 2806 veritatis,
830 2736 865 2793 ct
879 2735 1030 2794 Centrum
1046 2730 1186 2790 unitatis.

228 2831 295 2892 Hac
315 2829 398 2890 enim
426 2831 550 2891 ratione
571 2829 649 2902 het,
673 2831 711 2888 ut
739 2825 919 2886 schismatis
948 2828 1040 2902 atque
1077 2821 1190 2884 erroris

227 2941 438 3002 quaecumque
458 2923 601 2983 evitetur
622 2939 658 2983 ac
679 2919 815 2981 tollatur
835 2919 967 2978 occasio.
989 2916 1129 2994 Denique
1150 2915 1189 2975 sic

227 3018 354 3079 habeto:
378 3017 412 3076 Si
433 3017 515 3090 Rex,
531 3013 765 3092 religiosissimi
787 3011 885 3072 animi
906 3012 1068 3087 Princeps,
1088 3010 1116 3070 si
1137 3011 1190 3070 Pa·

217 3112 327 3184 sochi,
343 3110 369 3170 si
392 3110 515 3188 inclyta
528 3110 625 3172 Natio
647 3107 797 3168 universa
811 3123 903 3166 unam
923 3103 1072 3164 veritatis
1086 3119 1189 3163 vocem
1211 3135 1212 3150 ι

288 3281 322 3335 (1)
341 3279 422 3338 Epist.
436 3276 553 3326 whom.
566 3273 742 3323 cantuariens.
756 3271 788 3320 ad
799 3272 872 3320 ceni.
884 3269 1035 3318 Provincias
1045 3269 1185 3330 Episcopos,

226 3358 254 3406 in
271 3357 370 3406 collect.
382 3353 509 3403 Herduin.
520 3354 581 3400 tom.
594 3353 638 3412 VI,
649 3351 716 3410 pert.
728 3351 761 3407 11,
773 3361 832 3408 pag.
844 3347 914 3396 1³88.

289 3435 324 3490 (2)
340 3433 421 3493 Epist.
440 3431 465 3478 S.
478 3429 556 3477 Folio.
575 3425 608 3475 ad
624 3427 746 3474 Acacium
763 3423 1037 3483 constantinopolitan.
1055 3423 1084 3470 ln
1105 3418 1188 3469 eadem

227 3509 369 3559 collection.
379 3510 443 3556 tom.
454 3509 488 3565 II,
500 3517 559 3565 pag.
570 3504 617 3551 812
633 3504 659 3549 et
675 3513 728 3560 seq.
