2498 4200
444 317 482 334 -
504 289 622 351 245-

48 417 127 459 ram
146 400 240 477 fides,
258 398 343 476 pain
365 397 564 458 catholicam
586 395 704 473 doyma
727 397 832 479 (nam
847 393 1015 470 tricatam,

48 500 349 570 quantamcumque
369 499 432 561 est,
449 490 559 549 doleas
575 485 790 568 iadiqitato),
806 493 890 567 qaia
905 491 1016 550 catino-

51 587 153 646 iioam
172 585 290 662 dopma
310 587 348 644 ia
368 584 507 646 schisma
527 585 681 662 fortasse,
704 599 742 645 ac
760 585 1017 662 presbyteriaai·

50 697 156 740 smum
175 682 307 756 feratur
325 695 476 755 praeceps
490 677 547 757 (1).

113 773 291 850 Improbum
305 771 377 832 hino
392 771 543 849 patefecit
555 770 652 832 Nobis
667 770 844 844 consilium,
860 770 920 830 illa
934 787 1019 831 nem·

49 885 91 944 pe
113 863 303 942 exsequendi
323 865 430 943 capita
458 854 701 926 Constitutionis
722 863 917 938 Nationalis,
939 857 1018 942 qnae

50 961 226 1020 decernunt
246 977 359 1019 novam
381 957 583 1031 divisionem,
605 957 915 1035 suppressionomqne
929 958 1018 1018 Dioc-

49 1054 188 1127 ocsium‚
212 1052 457 1130 electionemque
485 1051 639 1130 apopnlo
667 1051 840 1112 faciendam
861 1053 1020 1112 Paracho-

51 1163 134 1220 rum,
150 1145 399 1224 suffragantibus
418 1146 514 1206 etiam
529 1145 664 1219 Iudaeis,
680 1145 925 1218 Mahometanis‚
948 1145 1020 1206 Onl-

54 1240 199 1314 vinistis‚
215 1259 251 1301 ac
272 1239 421 1318 cuiusque
443 1239 639 1316 proscriptae
661 1241 765 1298 sectae
786 1238 963 1299 hominibus
985 1239 1018 1298 in

51 1335 165 1394 multis
186 1333 386 1394 Diocaesibus
408 1349 540 1410 numero
561 1331 654 1409 longe
681 1331 938 1408 praevalentibus
960 1329 1016 1411 (2):

53 1444 89 1486 ao
108 1424 242 1486 interim
262 1426 295 1486 in
317 1423 448 1502 ancipiti
469 1424 620 1502 reliquit,
644 1441 704 1501 quo
726 1441 759 1483 se
781 1425 871 1483 modo
892 1426 1019 1502 gereret

55 1537 145 1597 super
167 1536 250 1578 nova
270 1518 511 1578 seminationem
533 1517 713 1595 disciplina,
732 1518 766 1577 et
786 1534 880 1594 super
901 1518 941 1578 iis
961 1522 1020 1580 De-

54 1614 169 1687 oretis,
193 1630 271 1690 quae
292 1612 515 1688 Episcoporum
538 1612 730 1671 imminuunt
750 1612 940 1688 potestatem
958 1611 1014 1691 (3).

56 1707 235 1770 Declaravit
256 1708 361 1766 tamen
383 1723 416 1764 se
433 1723 600 1782 numquam
622 1707 846 1766 exsecuturum
869 1706 1015 1778 decreta,

55 1818 128 1877 quae
143 1804 184 1862 ad
199 1817 289 1860 suum
304 1801 448 1876 spectant
473 1817 543 1859 cum
567 1800 739 1876 apostolica
759 1801 817 1859 hac
841 1800 920 1860 Sede
946 1800 1017 1860 vin·

53 1895 168 1955 culum.
193 1895 256 1956 Nos
277 1893 360 1952 enim
385 1892 433 1954 ita
453 1895 502 1952 est
526 1893 689 1954 ementitis
710 1892 817 1954 verbis
838 1893 1013 1954 allocutus:

56 1990 205 2068 Quisquis
226 1987 359 2047 tandem
379 2002 489 2046 reram
510 1989 573 2046 erit
593 1988 719 2060 emitas,
738 1989 885 2065 profecto
906 1989 956 2046 ita
976 1986 1015 2048 de

55 2099 100 2141 me
112 2083 239 2142 sentiat
252 2079 419 2140 Sanctitas
438 2079 560 2150 Vestra,
574 2081 670 2140 aalta
690 2097 846 2158 amquam
865 2083 1012 2154 ratione,¹

60 2179 140 2237 satio
161 2181 251 2234 meta
272 2175 311 2233 ab
332 2189 368 2232 eo
389 2189 468 2250 erpa
488 2189 519 2231 se
540 2174 645 2249 ipsam
666 2173 824 2251 fidissimo
840 2191 947 2237 amore
961 2175 1014 2235 ai·
1070 2213 1074 2240 t

57 2265 305 2344 vellendamtl).
569 2270 572 2274 ’

108 2362 154 2421 At
166 2375 278 2419 novam
294 2357 465 2434 adiungens
481 2357 742 2445 machinationem
758 2359 963 2437 significavit,
980 2379 1012 2422 se

56 2469 108 2514 non
123 2470 214 2530 posse
228 2452 377 2513 Nostram
399 2451 631 2529 responsionem
646 2454 840 2528 exspectare,
858 2453 1014 2530 sequenti·

56 2541 107 2604 bus
121 2543 240 2605 verbis:
255 2541 293 2604 Si
309 2543 502 2620 protrahere
515 2539 569 2622 fas
580 2545 707 2621 (uisset,
719 2543 931 2607 satiatissime
945 2547 1011 2606 Pa·

56 2641 114 2709 ter,
131 2636 296 2715 quidquid
317 2637 405 2713 apud
425 2636 489 2696 Nos
510 2645 587 2696 acta
607 2653 684 2712 opas
705 2645 768 2707 est,
784 2639 977 2715 usquedum
991 2657 1013 2702 a
1078 2657 1080 2664 ·

54 2727 83 2789 S.
98 2731 179 2792 Sede
198 2747 387 2808 responsam
408 2738 503 2801 esset,
520 2731 556 2789 id
573 2745 651 2790 sane
665 2731 884 2792 beatissimam
899 2732 1013 2792 damis·

55 2841 132 2885 sem.-
147 2827 203 2887 sed
223 2843 323 2904 qaam
345 2828 406 2885 isto
422 2827 486 2885 loco
500 2841 551 2884 res
564 2841 632 2883 aaa
646 2841 677 2884 se
692 2824 828 2884 tabeat!
842 2826 927 2885 Nam
937 2843 1013 2902 pro·

55 2922 205 2998 matqatis
226 2919 403 2997 defutura
423 2919 504 2979 atari
524 2918 712 2978 conditione
736 2916 938 3002 Gallicorum
956 2918 1012 2980 Co·

55 3012 218 3072 mitiorum
238 3011 375 3072 decretis
394 3026 551 3086 arcemur
573 3013 729 3072 acerrime
743 3009 801 3091 (5).
916 3016 917 3020 ’

107 3108 219 3183 Itaque
240 3105 385 3166 videntes
405 3103 596 3165 Lomeaiam
616 3105 847 3186 responsionem
862 3106 1012 3186 Nostram

10 3273 11 3280 ἵ
110 3294 144 3346 u)
160 3291 208 3339 os.
226 3282 250 3340 8.
263 3285 327 3336 Noa
344 3283 454 3336 anteire.

111 3368 144 3422 ta)
162 3366 211 3416 cit.
222 3371 246 3428 g.
259 3360 322 3410 Noa
339 3360 449 3424 anteire,
461 3361 484 3424 §.
492 3359 542 3412 Ea
551 3360 584 3412 tis
594 3367 691 3424 autem,
701 3365 728 3416 et
736 3370 760 3428 fl.
773 3362 866 3414 stim,

107 3441 144 3496 (3)
161 3439 184 3502 §.
197 3433 433 3485 Praetermiterim.

63 3555 65 3562 ι
109 3519 145 3572 (4)
163 3510 494 3578 stephanusnomen.

109 3594 145 3648 (Β)
162 3587 187 3644 8·
201 3589 320 3650 Quodsi.
