2456 4192
443 175 603 237 -21..

492 313 537 370 v.

232 429 582 478 oamsuuomonmsro
592 427 804 480 rrnnouosrao

417 562 626 628 LUDOVIGO

208 709 416 772 Francorum
436 711 522 790 Περὶ
543 709 827 774 christianissimo

250 857 425 939 PIUS
479 858 674 938 PAPA
727 859 842 936 vl.-

106 1057 291 1118 carissime
311 1059 350 1118 in
371 1061 510 1118 christo
530 1061 602 1119 Fili
621 1062 769 1130 Noster,
786 1061 939 1120 salutm

213 1157 251 1210 st
270 1153 510 1222 Apostolioam
530 1153 828 1213 Benedictiousm.

100 1326 227 1386 Minime
249 1325 442 1400 dubitamus,
464 1327 634 1388 Carissimo
656 1326 689 1388 iu
710 1328 838 1390 Christo
859 1329 924 1390 Fili
944 1331 1008 1391 No-

46 1421 115 1494 ster,
135 1421 211 1497 quin
234 1419 351 1480 intima
369 1420 468 1481 animi
489 1421 551 1481 'l'ui
573 1422 741 1483 voluntate
759 1423 931 1484 adhaereas
945 1425 1008 1485 Re-

48 1511 145 1589 ligioni
165 1513 370 1588 Oatholieae,
385 1515 607 1591 Apostolioae,
623 1519 657 1576 et
671 1518 847 1589 Romanae,
862 1516 1005 1578 Unitatia

56 1603 163 1679 Gentio,
187 1607 325 1666 Sanctae
347 1606 433 1680 Sedi,
455 1607 554 1670 Nobis
573 1607 662 1684 ipsis,
685 1609 894 1687 gloriosorum
908 1609 1008 1670 Maio-

53 1713 113 1767 rum
132 1702 271 1761 Tuorum
293 1702 407 1776 Fidei3
430 1706 537 1763 tamen
563 1703 671 1764 vereri
699 1704 866 1777 debemus,
890 1721 928 1762 ne
949 1721 1007 1781 per

48 1789 164 1854 fallaces
186 1793 403 1872 captiososque
431 1812 601 1870 sermones,
628 1799 715 1856 Tuus
743 1813 821 1874 erga
849 1795 1035 1858 subiectos»

47 1885 109 1945 Tibi
134 1887 269 1965 populos
290 1885 446 1948 illudatur
467 1907 576 1962 amor,
599 1908 677 1951 nere
707 1891 880 1952 abutantur
907 1888 1007 1966 aliqui

46 1977 204 2052 desiderio,
219 1997 280 2056 quo
301 1979 507 2042 inflammaris
528 1982 696 2043 ordinandi
717 1982 820 2060 Regni
841 1981 901 2056 tui,
917 2000 953 2043 ao
967 1985 1006 2044 ad

47 2087 156 2146 paoem,
173 2072 503 2153 tranquillitatemque
518 2076 698 2137 revocandi.

18 2165 23 2172 '
95 2169 161 2229 Nos
183 2170 254 2228 Iesu
276 2167 393 2229 Christi
416 2167 502 2228 vioes
524 2169 662 2247 gerimus
691 2168 723 2229 iu
752 2170 873 2246 terris,
893 2171 1007 2236 Nobis·

41 2275 95 2336 que
115 2261 319 2321 commissum
334 2262 373 2322 ab
393 2262 451 2322 illo
472 2269 522 2324 est
542 2263 633 2323 Fidei
652 2265 859 2342 Depositum
882 2267 920 2327 ad
941 2269 1007 2330 No·

43 2357 139 2415 strum
161 2355 281 2415 ideireo
302 2373 415 2417 munus
436 2357 644 2435 singulariter
664 2362 787 2436 speotat
807 2363 852 2421 Ta
866 2380 928 2421 non
943 2360 1006 2425 iam

44 2449 75 2508 de
98 2450 265 2528 explendis
287 2468 363 2529 erga
376 2454 473 2512 Deum
495 2452 691 2529 Populosque
712 2453 820 2515 offieiis
841 2457 1008 2518 &monere

46 2539 111 2618 (nou
133 2543 219 2602 euim
241 2542 479 2618 existimamus,
496 2546 541 2605 Te
562 2545 794 2626 qoonsoieutia
815 2550 885 2608 Tua
908 2551 1007 2610 desei-

47 2652 134 2712 soere,
151 2655 188 2698 ao
209 2639 248 2698 ad
263 2656 362 2698 ranae
383 2638 528 2716 politices
548 2640 659 2700 abduoi
680 2641 882 2719 commenta),
899 2644 951 2702 sed
965 2662 1007 2703 ex

44 2734 170 2806 paterno
185 2733 284 2792 animi
303 2731 415 2794 Nostri
436 2752 514 2813 erga
535 2737 581 2796 Te
601 2752 718 2810 amore,
741 2735 905 2796 Maiestati
919 2738 1006 2797 Tuae

44 2826 139 2902 palam
162 2825 278 2900 faeere,
294 2826 531 2905 certissimeque
551 2829 752 2900 denunciare,
769 2828 796 2887 si
817 2828 946 2890 decreta
967 2831 1007 2890 ad

42 2918 164 2979 (ilerum
185 2918 380 2996 pertinentia
400 2921 564 2996 approbes,
580 2938 616 2980 eo
630 2920 697 2998 ipso
718 2921 751 2979 in
775 2938 916 2982 errorem
938 2920 1008 2982 uni-

44 3029 163 3074 versam
184 3015 229 3073 Ta
250 3013 454 3074 inducturum
482 3015 641 3074 nationem
669 3017 788 3090 Tuam,
811 3033 1005 3096 regnumque

43 3103 73 3162 in
101 3106 256 3181 schisma,
279 3105 364 3166 et'in
387 3106 514 3167 crudele
538 3106 673 3168 fortasse
701 3109 799 3169 etiam
827 3109 1007 3190 Religionis

44 3198 155 3260 bellum
176 3219 245 3260 esse
266 3199 488 3278 impulsurum.
510 3203 574 3264 Nos
594 3202 719 3280 quidem
747 3220 868 3262 omnem
901 3206 1007 3266 haete-

44 3309 98 3353 nns
124 3293 157 3353 in
178 3311 216 3354 eo
243 3293 443 3372 diligentiam
469 3295 650 3375 posuimus,
673 3295 801 3372 nequis
826 3295 1007 3357 huiusmodi

44 3389 140 3449 motus
159 3405 217 3465 per
238 3388 303 3448 Nos
328 3386 505 3462 excitetur,
528 3404 588 3446 non
610 3387 674 3448 alia
695 3388 890 3463 adhibentes,
913 3407 1005 3466 quam

45 3478 165 3544 innoxia
184 3481 379 3548 Nostrarum
400 3480 438 3539 ad
452 3482 551 3541 Deum
574 3479 823 3542 obseurationum
845 3499 944 3541 arma.
961 3481 1006 3541 At
