2372 4198
624 229 803 291 -310-

234 337 353 398 certius
374 335 514 409 obnoxii,
530 353 589 396 non
612 336 679 396 sine
693 336 813 396 excidio
826 336 965 414 ipsorum
981 336 1116 415 patriae,
1130 336 1178 394 nisi

234 433 297 492 cito
318 449 337 490 a
357 428 570 508 perduellione
592 431 751 504 recedant,
767 432 805 490 ad
827 449 918 507 quam
934 432 1012 492 dnos
1025 431 1088 492 iam
1102 447 1179 490 annu

234 543 291 604 per
312 522 580 596 inobedientiam,
607 540 662 600 per
693 524 948 600 corruptionem,
975 528 1010 584 et
1032 541 1093 603 per
1109 541 1178 584 omne

235 618 409 680 violentiae
431 635 528 695 genus
550 615 635 693 rapti
657 619 740 677 eunt.

296 715 361 775 Nos
383 713 489 789 itaque
511 712 543 770 in
564 729 602 771 ea
621 711 890 787 conquiescentes,
913 729 1008 788 quam
1040 711 1179 771 vobiscum

236 808 297 866 huc
318 825 412 883 usque
434 805 641 879 servavimus,
658 809 788 882 paterne
809 806 921 884 agendi
944 805 1093 878 ratione,
1115 803 1179 864 etin

236 900 400 978 perspicua
419 901 554 961 Nostrae
580 917 690 959 causae
710 899 853 972 iustitia,
876 917 968 976 quam
989 901 1111 960 Nostro
1129 913 1179 955 cun

237 994 350 1072 gaudio
382 992 538 1070 principes
568 995 601 1052 et
634 1009 726 1068 reges
754 1010 878 1066 omnes,
906 996 1004 1069 atque
1037 993 1156 1052 univers

238 1087 323 1147 orbis
345 1085 492 1164 agnovit,
516 1085 561 1145 nil
584 1103 729 1162 umquam
751 1086 925 1164 cogitantes
944 1088 982 1146 de
1004 1086 1133 1148 Nostris
1149 1085 1181 1140 in·

237 1181 325 1242 ribus
352 1198 472 1256 quoquo
493 1179 581 1238 modo
610 1179 826 1253 remittendis,
850 1183 907 1240 ant
927 1181 964 1239 de
985 1181 1104 1257 quavis
1123 1195 1150 1237 ce

237 1272 418 1350 pensatione
442 1274 665 1348 pertractanda
676 1289 773 1348 super
787 1273 978 1349 principatu,
990 1291 1090 1350 quem
1110 1269 1179 1332 Nobis

237 1367 400 1426 vindicant
420 1366 518 1442 ipsius
533 1369 712 1428 Conventus
741 1367 909 1436 nationalis
931 1366 1045 1442 priora
1067 1368 1173 1434 decretu,

237 1477 388 1536 quemque
409 1461 507 1522 Nobis
529 1461 695 1521 confirmat
716 1464 784 1520 tum
806 1461 942 1539 legitimi
967 1461 1175 1534 inconcussique

238 1553 340 1626 tituli,
356 1556 423 1613 tum
446 1555 580 1632 quinque
601 1559 634 1614 et
655 1554 789 1630 amplius
810 1553 1005 1614 saeculorum
1030 1552 1177 1631 possessio,

239 1664 299 1707 non
327 1649 426 1707 solum
454 1648 505 1706 hio
527 1651 627 1709 denuo
654 1653 758 1708 ratum
788 1648 935 1707 habemus
955 1649 1113 1707 Nostrum
1136 1645 1180 1703 oli·

239 1743 431 1818 regraphum
462 1742 523 1801 diei
556 1743 576 1803 5
610 1741 797 1803 Novembris
821 1742 917 1814 1791,
945 1759 1007 1817 quo
1041 1743 1179 1801 haerentes

239 1835 422 1912 praeteritis
444 1835 736 1912 protestationibus,
756 1839 789 1894 et
808 1835 966 1910 patefacta
987 1837 1131 1895 omnibus
1148 1834 1180 1890 lu·

238 1931 381 1990 culenter
402 1930 544 1990 falsitate
565 1933 659 2006 atque
681 1926 839 1989 calumnia
862 1945 970 1990 earum
985 1941 1177 2005 rerumquae

239 2031 276 2089 ad
308 2027 515 2088 excusandam
544 2026 682 2103 iniquam
711 2025 946 2102 occupationem
973 2029 1178 2102 praetexeban-

238 2124 305 2195 tur,
328 2121 450 2180 nnllum
479 2120 707 2181 declaravimus
735 2119 895 2179 decretum
917 2119 981 2178 diei
1003 2121 1047 2180 14
1067 2123 1175 2197 Septen·

239 2215 304 2275 bris
335 2214 473 2274 eiusdem
496 2213 592 2285 ann13
608 2215 666 2272 'sed
690 2213 885 2272 declaramus
916 2213 1051 2288 insuper
1076 2213 1169 2278 inania,

238 2307 353 2379 irrita,
376 2306 555 2382 nulliusque
577 2305 697 2365 roboris
718 2323 754 2365 ac
779 2306 929 2364 momenti
953 2323 1073 2364 novum
1101 2307 1165 2365 dun

239 2405 308 2462 tum
329 2400 390 2460 diei
411 2402 430 2460 3
452 2400 581 2473 Martii,
604 2401 735 2476 atquae
763 2398 894 2458 subinde
916 2395 1165 2476 prodierunt,ut

237 2494 374 2554 fortasse
395 2492 566 2570 prodibunt
580 2491 612 2550 in
627 2491 736 2552 Nostri
750 2490 947 2568 principatus
961 2492 1168 2554 detrimentum,

242 2605 392 2650 unacum
414 2585 534 2646 actibus
557 2584 711 2657 omnibus,
734 2583 787 2661 qui
802 2593 880 2643 ausu
901 2585 1075 2644 temerario
1097 2595 1173 2660 perpe

241 2681 323 2742 trati
344 2679 407 2740 iam
429 2677 516 2752 sint,
542 2679 598 2735 ant
618 2679 864 2753 perpetrentur,
887 2675 1082 2752 imperantes
1107 2681 1173 2749 atqu

241 2774 404 2845 iubentes,
428 2776 464 2832 nt
490 2772 549 2830 hae
568 2771 705 2830 Nostrae
727 2768 857 2828 litterae
880 2783 1034 2828 unacum
1057 2769 1122 2828 aliis
1137 2767 1177 2825 lil-

241 2867 320 2928 teris
331 2866 393 2927 diei
406 2867 447 2927 23
458 2864 577 2940 Aprilis
593 2863 682 2934 1791,
698 2861 857 2940 praedicto
869 2861 1079 2940 chirographo
1093 2861 1177 2921 nninn·

242 2967 315 3036 tur,
332 2965 366 3022 et
386 2962 423 3022 ad
452 2962 636 3036 perpetuam
657 2955 842 3016 memoriam
870 2955 902 3014 in
925 2960 1048 3017 secreto
1066 2956 1176 3016 Nostrae

243 3059 392 3118 Gamerae
407 3053 550 3114 archivio
571 3053 787 3112 asserventur.

303 3151 424 3208 Tantus
451 3149 501 3206 est
522 3148 628 3204 vester
648 3143 753 3216 zelus,
777 3160 847 3202 ven.
871 3143 1009 3217 fratres,
1032 3162 1066 3204 ac
1089 3135 1176 3202 dilecti

241 3241 323 3313 filii,
347 3245 383 3300 ut
410 3239 524 3300 inutile
545 3242 725 3314 reputemus
757 3253 855 3296 novas
882 3237 972 3296 vobis
1005 3235 1181 3297 hortationes

243 3335 426 3412 adiungere.
449 3330 682 3395 convertimini
707 3330 874 3391 Nobiscum
904 3330 1033 3390 indubia
1053 3347 1100 3408 spe
1119 3319 1174 3385 freti

236 3429 282 3496 ¹ad
302 3430 412 3500 Deum,
435 3443 565 3502 eumque
586 3423 800 3484 indesinenter
821 3427 923 3497 orate,
947 3422 1049 3484 veluti
1066 3423 1124 3482 Nos
1140 3426 1174 3474 et·

244 3520 306 3581 iam
321 3520 451 3579 eundem
466 3531 604 3591 oramus,
619 3526 654 3577 ut
668 3515 812 3576 iustitiae
826 3533 900 3578 suae
911 3516 1049 3594 rigorem
1059 3511 1172 3576 averet
