2386 4194
389 254 567 314 -117-

23 375 76 416 men
89 359 247 421 discrimen
262 359 444 434 intercedit,
456 360 536 437 quod
551 361 628 420 haec
642 360 781 420 recentia
795 360 958 438 eliquanto

24 453 71 511 sint
87 453 222 530 pristinis
244 453 310 514 illis
331 453 504 515 deteriora.

66 547 117 604 Sed
137 565 205 607 cum
227 548 290 607 iam
312 545 399 606 inter
419 564 452 606 se
474 547 699 607 contulerimus
725 550 857 608 duorum
876 551 960 610 Hen-

21 638 145 714 ricornm,
157 645 191 700 et
210 640 391 703 Nationalis
412 642 591 702 Conventus
611 646 695 716 acte,
717 643 959 720 progrediamur

20 749 80 791 runc
99 733 133 792 ad
155 735 279 811 pariter
293 735 429 795 invicem
444 737 685 811 comparandum
697 736 881 813 Episcopum
892 738 960 797 An·

22 828 256 902 gnstodnnensem
272 847 341 888 oum
362 827 436 888 aliis
457 828 589 906 collegis
610 830 687 902 suis3
704 833 737 890 et
751 849 789 889 ne
810 830 958 892 minutim

24 921 100 980 onnia
118 923 330 1000 persequendo
352 923 555 998 delassemur,
578 924 656 983 satis
678 923 742 984 erit
763 941 838 1001 prae
860 925 959 986 oculis

24 1012 108 1074 labere
128 1017 232 1093 ipsum
246 1019 427 1077 Conventus
439 1018 618 1089 Decretum,
632 1016 665 1076 in
688 1017 776 1076 cuius
791 1017 847 1076 illa
862 1019 960 1078 verba

23 1105 68 1166 sine
80 1110 140 1170 ulla
160 1111 346 1187 exceptione
367 1109 503 1184 iuravit3
519 1111 567 1169 ita
586 1110 669 1169 enim
691 1111 784 1171 facile
805 1111 958 1172 iudicabi-

20 1217 68 1260 nns
86 1205 118 1263 de
146 1203 275 1264 diversa
295 1203 454 1277 eiusdem,
476 1207 510 1264 et
534 1208 710 1265 ceterorum
736 1206 959 1283 Episcoporum

20 1298 135 1356 credendi
163 1297 303 1356 ratione.
323 1298 365 1357 Hi
386 1299 510 1374 quidem
531 1297 730 1359 immaculate
760 1300 959 1360 ambulantes

19 1387 41 1445 in
58 1392 127 1468 Lege
148 1391 289 1464 Domini,
309 1409 453 1469 magnam
468 1393 690 1468 praetulerunt
704 1391 801 1452 animi
815 1396 959 1454 constan·

22 1481 77 1541 tium
93 1485 122 1542 in
144 1486 303 1545 servando
325 1485 481 1562 dogmate,
498 1485 701 1562 doctrinaque
722 1503 849 1546 suorum
866 1488 962 1546 Prae·

26 1575 209 1650 decessorum,
232 1578 423 1639 inhaerendo
453 1577 572 1655 primae
598 1578 689 1639 Petri
710 1579 902 1652 cathedrae,
926 1579 958 1640 in

28 1667 273 1744 snis'erercendis,
297 1671 484 1748 tuendisque
505 1670 639 1745 iuribus,
655 1672 687 1730 in
703 1673 896 1732 adversando
908 1692 961 1733 no·

26 1757 160 1836 vitutibus,
186 1763 219 1822 in
241 1764 392 1825 Nostrum
414 1766 622 1840 exspectando
643 1781 842 1840 responsum,
867 1768 959 1840 unde,

22 1853 73 1926 quid
95 1857 250 1933 egendum
283 1855 342 1914 sibi
374 1858 477 1929 esset,
506 1861 731 1933 agnoscerent:
763 1875 825 1917 una
852 1876 960 1918 eorum

20 1937 127 2008 omnium
149 1967 217 2009 vox
239 1947 320 2023 iuit,
344 1968 405 2009 una
426 1948 591 2023 confessio,
614 1951 697 2011 sicut
718 1969 779 2011 unu
801 1951 877 2010 fides
898 1956 960 2026 est,

23 2055 113 2120 unaque
134 2043 290 2118 traditio,
312 2046 345 2103 et
365 2041 542 2120 disciplina.
557 2043 614 2103 His
636 2043 805 2120 exemplis,
830 2060 865 2103 ac
885 2044 963 2121 Epi-

24 2148 154 2212 scoporum
185 2137 380 2211 rationibus,
410 2137 675 2213 obstupescimus,
703 2155 772 2197 cnm
801 2138 961 2198 videamus

20 2228 309 2305 Augustodunensam
330 2234 519 2290 commotum
541 2248 602 2289 non
624 2228 731 2291 fuisse.
749 2232 854 2292 Simili
881 2248 964 2291 com·

18 2326 161 2396 paratione
175 2328 250 2385 ante
266 2341 322 2384 nos
345 2342 416 2384 usus
431 2329 502 2384 erat
515 2323 687 2400 Episcopus
708 2324 877 2385 Meldensis
887 2327 965 2386 Bos·

17 2418 113 2478 suetins
133 2421 216 2494 apud
239 2418 303 2476 Vos
325 2415 566 2490 celeberrimus,
590 2420 623 2475 et
644 2435 704 2475 non
729 2421 891 2494 suspectus
905 2437 964 2479 au·

16 2511 68 2568 otor
85 2509 148 2590 (1),
171 2511 257 2569 inter
279 2511 371 2583 duos,
394 2510 545 2568 Thomam
566 2509 824 2570 cantuariensem
851 2529 959 2585 unum,

19 2605 42 2660 et
56 2605 201 2664 Thomam
224 2606 428 2666 Grenmerum
450 2603 607 2674 alterum,
636 2622 729 2680 qnam
749 2604 801 2662 hic
822 2604 964 2664 inseren-

19 2693 69 2755 dam
88 2697 242 2769 ducimus,
261 2701 295 2756 ut
316 2696 369 2773 qni
388 2697 464 2755 haec
485 2695 604 2773 legent,
619 2715 711 2772 quam
733 2697 809 2757 haec
831 2700 960 2757 nostrae

14 2787 108 2850 similis
123 2791 176 2862 sit,
193 2790 450 2851 animadvertant
464 2787 521 2868 (2).
539 2791 602 2849 «S.
620 2790 755 2850 Thomas
776 2790 812 2848 de
832 2791 964 2850 Cantor.

63 2942 93 2994 (1)
110 2939 223 2987 Histoire
242 2938 287 2986 des
303 2939 450 2986 variatione
470 2936 626 2995 desEglises
644 2939 823 2995 protestantes,
843 2938 889 2985 lib.
903 2941 961 2996 VII,

17 3021 70 3058 nun.
81 3007 134 3072 114,
145 3017 206 3063 tom.
219 3017 267 3072 111,
280 3027 348 3074 oper.
360 3013 420 3061 edit.
432 3014 514 3061 Paris.
526 3015 596 3060 174⁷.
914 3055 916 3062 .

64 3093 95 3146 (2)
111 3112 124 3133 u
137 3093 163 3139 S.
174 3093 286 3140 Thomna
298 3090 489 3140 cantusriensls
504 3089 616 3148 Reginum
630 3089 726 3148 iniquis
735 3091 838 3149 restitit3
851 3093 963 3140 Thomas

14 3165 175 3216 *Crsnmsrus
189 3167 254 3227 ipsis
271 3180 344 3214 snam
356 3165 538 3214 conscientiam
553 3166 692 3225 prostituit,
704 3166 855 3226 illorumque
864 3167 960 3225 pensio·

13 3243 98 3292 »nibus
109 3243 229 3292 adulatus
238 3245 287 3290 est.
297 3243 344 3290 Ille
357 3245 430 3290 actus
439 3243 467 3289 in
476 3243 602 3299 exsilium,
613 3241 687 3289 bonis
698 3241 752 3289 suis
762 3243 895 3302 spoliatus,
908 3255 963 3302 per·

14 3319 181 3366 -sscntionem
195 3331 288 3377 passus
303 3319 357 3365 tam
368 3318 396 3364 in
405 3318 468 3374 suis,
481 3329 557 3376 quarn
566 3317 707 3376 inproprie
718 3329 835 3376 persona,
846 3319 872 3364 et
883 3317 963 3364 omni·

14 3391 73 3440 rbus
90 3393 172 3440 modis
188 3395 305 3450 afflictus,
326 3391 447 3440 dicendae
464 3392 590 3450 veritatis,
601 3393 631 3438 nt
640 3392 713 3440 illurn
722 3393 849 3450 credebat,
872 3393 963 3452 glorio·

15 3470 314 3527 usamemitlibertatem,
336 3469 400 3526 vitu,
420 3469 523 3527 eiusque
545 3469 766 3517 commoditatibus
782 3471 885 3518 fortiter
904 3483 962 3518 con·

15 3544 140 3604 ntemptis.
156 3545 209 3603 Hic,
220 3547 250 3592 nt
261 3557 307 3592 sno
318 3543 431 3603 Principi
439 3544 559 3603 placeret,
570 3555 669 3592 omnam
680 3546 761 3593 vitam
771 3559 845 3594 snam
854 3547 883 3594 in
893 3547 964 3606 turpi
