2386 4194
220 363 283 406 una
305 363 374 404 cum
397 347 589 406 assertorum
612 346 846 425 episcopatuum
860 313 1067 419 Mutinensis,
1082 344 1177 406 casiri

224 440 313 519 Rufi,
330 443 364 499 et
377 438 512 499 aliorum
528 458 609 500 nova
622 443 794 501 erectione.

281 533 482 594 Declaramus
511 533 588 592 item
610 553 646 595 ac
667 536 882 608 decernimus,
910 534 1049 595 nefarias
1074 535 1191 598 eorm-l

219 625 289 684 dem
318 629 572 687 consecrationes
597 626 713 701 fuisse,
736 631 769 688 et
795 645 861 687 csse
883 629 1012 689 omnino
1041 628 1176 698 illicitas,

219 718 418 796 illegitimas,
435 721 616 799 sacrilegas,
637 725 670 782 et
692 723 790 784 factas
811 726 922 784 contra
937 728 1116 785 sanctorum
1131 724 1178 783 Gu-

123 839 126 844 ·
222 829 336 872 nonum
351 815 539 890 sanctiones3
556 834 591 874 ac
605 817 737 893 proinde
751 819 876 878 eosdem
891 821 1022 889 temere,
1040 816 1177 892 nulloque

219 905 289 966 iure
315 906 447 983 electos,
471 909 555 967 omni
583 910 797 971 ecclesiastica
816 915 850 971 et
871 910 1031 988 spirituali
1058 910 1177 970 iurisdi-

215 999 326 1060 ctione
346 1019 405 1078 pro
427 1003 602 1062 animarum
625 1004 777 1082 regimine
805 1021 935 1075 carere,
958 1009 1052 1081 atque
1073 1003 1175 1063 illicite

224 1100 431 1169 consecratos,
447 1096 487 1157 ab
499 1097 583 1156 omni
600 1098 752 1158 exercitio
774 1097 959 1175 episcopalis
981 1096 1103 1157 ordinis
1123 1113 1175 1155 esse

224 1207 400 1266 suspensos.

279 1283 408 1344 Pariter
429 1285 635 1358 declaramus,
658 1303 825 1362 suspensos
845 1302 909 1344 esse
929 1285 968 1344 ab
990 1285 1076 1344 omni
1097 1301 1171 1344 exer·

219 1375 295 1437 citio
314 1377 498 1455 episcopalis
520 1378 641 1440 ordinis
657 1377 808 1439 Carnium
829 1382 1011 1455 episcopum
1025 1377 1168 1456 stupacio

219 1469 407 1543 dunensem,
421 1471 579 1533 Ioannem
591 1473 778 1550 Baptistam
796 1475 976 1549 episcopum
994 1471 1165 1548 Babylonis,

218 1571 249 1623 et
270 1555 615 1642 Ioannem-Iosepium
643 1569 823 1642 episcopum
843 1565 987 1637 Liddae,
1018 1564 1171 1641 sacrilegos
1190 1621 1191 1634 ,

219 1662 472 1734 consecratores,
502 1678 555 1720 seu
584 1661 795 1734 adsistentes3
821 1665 854 1721 et
879 1679 1043 1737 suspensos
1065 1660 1172 1736 pariter

220 1770 287 1812 esse
309 1752 348 1812 ab
369 1753 522 1813 exercitio
545 1755 761 1827 sacerdotalis,
785 1773 837 1814 seu
860 1755 1079 1830 cuiuscumque
1104 1754 1172 1812 alte-

218 1845 285 1906 rius
307 1845 426 1905 ordinis
446 1864 500 1906 eos
518 1865 641 1920 omnes,
664 1848 716 1924 qni
739 1848 770 1906 in
793 1847 991 1908 exsecrandis
1006 1845 1171 1906 huiusmodi

220 1939 508 2000 consecrationibus
533 1958 632 2018 opem,
657 1959 797 2018 operum,
821 1957 1009 2001 consensum
1030 1944 1065 1999 et
1085 1942 1173 2000 consi·

221 2035 303 2094 lium
323 2033 564 2110 praestiterunt.

281 2129 463 2188 Mandonius
478 2132 658 2206 propterea,
671 2129 875 2206 districteque
891 2130 1110 2189 interdicimus
1122 2147 1172 2188 me

220 2223 343 2280 morato
365 2221 517 2298 Eoepiliy,
541 2222 674 2299 aliisque
695 2239 859 2300 perperam
880 2224 1002 2295 electis,
1018 2227 1052 2284 et
1071 2223 1168 2283 illicite

221 2314 426 2386 consecratis,
443 2315 500 2374 sub
514 2317 621 2376 eadem
637 2319 854 2393 suspensionis
863 2334 982 2393 poena,
999 2335 1037 2376 ne
1051 2320 1166 2378 audeant

220 2406 425 2484 episcopalem
441 2407 701 2481 iurisdictionem,
717 2408 853 2468 aliamve
868 2409 965 2469 ullam
986 2427 1043 2486 pro
1065 2410 1168 2470 anima·

221 2517 291 2561 rum
313 2501 467 2579 regimine
481 2502 719 2575 auctoritatem,
735 2519 826 2579 quam
842 2521 1008 2578 numquam
1024 2508 1100 2563 sunt
1112 2521 1169 2561 con·

220 2595 338 2665 secuti,
362 2593 421 2652 sibi
442 2610 611 2672 arrogare,
634 2595 686 2655 vel
709 2613 766 2671 pro
791 2595 995 2672 suscipiendis
1022 2597 1168 2656 ordinibus

220 2687 411 2746 dimissorias
432 2687 561 2747 litteras
583 2689 670 2762 dare;
685 2691 838 2765 pastores,
855 2688 1002 2762 vicarios,
1024 2689 1171 2750 missione·

221 2780 300 2852 rios,
323 2780 544 2852 deservitores,
568 2780 808 2855 functionarios,
830 2781 1007 2856 ministros,
1029 2788 1087 2843 aut
1107 2783 1169 2844 alios

219 2890 410 2949 quocumque
436 2873 559 2932 nomine
574 2878 805 2950 nuncupentur,
820 2876 857 2935 ad
873 2875 1047 2935 animarum
1064 2893 1168 2936 curan.

218 2969 252 3024 et
272 2968 539 3026 sacramentorum
561 2968 881 3041 administrationem,
896 2969 1007 3044 quovis
1021 2970 1117 3029 ctiam
1131 2985 1169 3026 ns·

218 3059 378 3119 cessitatis
399 3063 580 3137 praetextu,
603 3061 806 3133 constituere,
830 3064 993 3139 deputare,
1016 3082 1052 3123 ac
1072 3061 1169 3122 conir-

219 3168 318 3224 mare,
342 3169 478 3212 necnon
501 3153 565 3213 alia
591 3171 698 3230 agere,
722 3155 899 3226 decernere,
923 3159 957 3215 et
976 3156 1167 3217 constituere.

218 3243 286 3305 sive
301 3248 442 3317 seorsim,
460 3246 525 3306 sive
547 3246 737 3307 coniunctim
758 3246 789 3305 in
813 3249 936 3307 modum
953 3246 1165 3314 Conciliodnli

218 3337 251 3399 in
277 3338 428 3398 rebusad
450 3339 693 3401 ecclesiasticam
717 3340 967 3401 iurisdictionem
995 3338 1167 3419 pertinenti·

218 3431 295 3504 bus;
326 3432 540 3504 declarantes,
563 3451 598 3492 ac
618 3433 721 3510 palam
751 3433 930 3505 edicentes,
961 3439 1027 3494 tam
1056 3435 1165 3495 litteras

219 3525 455 3599 dimissoriales,
477 3526 759 3602 consputationes,
787 3545 840 3587 seu
866 3526 1126 3598 confirmationes,
1144 3523 1164 3582 si
