2374 4196
399 235 578 296 -451-

102 347 207 418 tulis,
232 348 330 404 clero
356 349 393 404 et
411 349 541 415 populo
561 346 888 415 nasamonium.

102 442 185 518 Agit
210 441 368 518 primodo
392 439 601 500 Monitionum
624 457 750 500 suarum
774 440 892 517 partim

102 535 205 607 laeto,
230 534 346 610 partim
370 532 459 592 tristi
481 533 588 602 exitu3
612 537 679 592 tum
695 533 732 592 de
755 533 889 593 fallaciis

101 627 220 704 quibus
240 626 383 703 Episcopi
399 626 515 686 intrusi
528 627 657 703 populos
668 629 838 688 retrahunt
852 628 891 689 ab

99 721 287 781 obedientie
307 721 496 797 Apostolics
522 721 746 782 monitionibus
771 723 887 783 debita.

99 817 227 876 Iterum
247 819 280 874 et
301 813 513 892 peremptorie
531 818 636 874 monet
657 817 804 892 quosdam
820 861 828 889 ,
843 821 891 877 et·

99 908 166 967 iam
202 907 408 980 nominatim,
441 907 662 983 Episcoporum
694 907 889 969 intrusorum

97 1006 337 1061 consecratores
351 1044 359 1072 ,
373 999 661 1077 pseudo-episcopos
672 999 825 1073 intrusos,
839 1003 888 1062 Iu·

99 1113 234 1156 rasores
252 1113 292 1154 ex
311 1098 401 1170 parte
413 1093 547 1154 aliarum
563 1093 750 1166 dioecesum,
771 1097 805 1153 et
824 1113 892 1156 sue-

100 1205 174 1248 rum
199 1207 239 1248 ex
261 1191 351 1264 perte
373 1187 569 1260 desertores3
596 1185 771 1246 animarum
798 1206 890 1250 cura·

100 1288 203 1357 tores,
230 1284 282 1360 qui
308 1281 407 1342 civico
429 1281 605 1343 iuramento
630 1299 662 1341 se
688 1283 888 1357 pollueruut3

99 1381 134 1437 et
156 1395 212 1438 eos
233 1376 286 1453 qui
301 1376 340 1436 ab
352 1375 483 1435 intrusis
504 1374 664 1452 Episcopis
680 1376 819 1452 delegati
836 1377 887 1437 val

100 1470 272 1546 approbati
295 1472 370 1527 sunt
385 1511 765 1527 ........
809 1487 885 1547 pop.
910 1471 970 1533 265
1006 1471 1017 1508 ⁴

9 1555 83 1622 1792
104 1564 145 1624 19
165 1561 278 1622 Martii
291 1594 305 1605 -
317 1560 362 1619 Io
389 1562 602 1637 pravissimis.
626 1564 888 1636 cardinalibus,

100 1656 403 1726 archiepiscopis,
415 1656 615 1727 Episcopis,
633 1660 669 1713 et
689 1659 889 1717 dioecesum

99 1750 454 1809 administratoribus
476 1749 575 1817 regni
593 1750 793 1809 Galliarum.
808 1751 889 1810 Ocn-

99 1844 189 1903 cedit
210 1842 359 1902 Pontifex
381 1840 461 1902 alias
491 1842 763 1902 extraordinarias
792 1843 889 1905 sacul-

98 1940 200 2010 tates,
222 1936 253 1994 in
273 1937 402 1994 adoeco
414 1934 555 2011 generali
568 1934 690 1994 indulto
707 1936 888 2012 exprimen-

99 2031 171 2102 dae,
196 2046 271 2105 ques
289 2028 381 2088 iidem
394 2028 567 2105 petierunt,
583 2029 733 2105 explicite
744 2028 887 2105 professi,

100 2140 135 2181 se
163 2122 229 2182 illis
254 2121 380 2181 minime
404 2139 533 2191 usuros,
558 2120 619 2179 nisi
647 2121 731 2181 facte
760 2122 890 2197 praevia

97 2215 317 2274 declaratione
338 2214 370 2272 iu
393 2214 459 2290 ipso
480 2218 570 2274 actus
592 2217 700 2273 tenore
723 2213 889 2275 inserenda

97 2308 266 2385 delegatae
282 2308 341 2368 sibi
355 2307 394 2367 ab
404 2307 588 2384 Apostolica
608 2309 688 2366 Sede
707 2309 887 2384 potestatis3

102 2415 199 2478 seque
220 2401 444 2460 observaturos
462 2401 590 2460 decreta
601 2402 798 2460 Summorum
810 2405 890 2462 Pon·

102 2495 226 2554 tificum
250 2499 311 2554 etc.
337 2499 370 2554 et
391 2495 631 2554 consuetudines
655 2495 813 2555 Ecclesiae
827 2499 890 2556 Ro-

103 2601 219 2649 manae
239 2592 289 2648 etc
332 2631 823 2648 ..........
868 2589 970 2650 »283

101 2683 305 2743 Facultates
317 2697 503 2742 concessae
513 2685 557 2742 ab
575 2682 781 2751 apostolice
801 2683 889 2740 Sede

104 2774 240 2851 singolis
269 2773 519 2850 Archiepiscopis
554 2778 615 2832 etc.
654 2773 744 2848 regni
770 2773 891 2834 Gallia·

103 2883 175 2927 rum
190 2872 252 2927 etc.
277 2867 368 2927 iuxta
380 2869 599 2942 praecedentes
620 2864 774 2926 Litteras.
819 2910 826 2926 .
870 2867 970 2928 »286

103 2961 144 3022 21
167 2961 305 3022 Martii·
319 2961 397 3021 Post
427 2961 572 3024 Nostros.
606 2961 779 3019 Ludovicc
806 2962 890 3019 XVI

103 3053 315 3114 Francorum
336 3057 435 3126 augi.
450 3056 534 3122 Quae
545 3055 584 3114 ad
603 3051 770 3130 Episcopos
786 3056 889 3112 trans-

103 3147 194 3206 misit
215 3147 415 3224 Apostolicee
438 3146 663 3207 sollicitudinis
675 3148 888 3220 monumenta,

104 3243 212 3300 eadem
235 3243 272 3301 ad
294 3241 397 3316 ipsum
416 3241 541 3318 dirigit:
566 3255 654 3318 quem
679 3241 828 3298 hortatur
850 3240 888 3300 ud

103 3336 274 3395 curandam
296 3335 568 3396 conservationem
594 3332 758 3410 religionis
778 3334 889 3392 catho-

105 3425 186 3486 licae
230 3469 825 3487 ............
868 3425 968 3488 »291

46 3530 64 3572 »
104 3520 142 3580 21
166 3519 276 3582 Martii
301 3551 315 3567 ·
347 3520 631 3586 Quemadmodum.
654 3521 804 3580 Antonio
828 3522 890 3577 Ar-

668 3611 672 3625 '
830 3627 847 3660 s
