2492 4202
70 289 130 348 que
150 270 199 333 ita
220 271 365 348 perlege,
382 275 417 333 ut
438 273 632 334 hortationes
653 273 727 334 illas
748 274 881 334 Nostrae
898 271 931 356 in
953 272 1037 332 Tuas

71 365 179 426 laudes
194 366 339 426 converti
354 371 457 444 putes3
472 385 553 442 cum,
568 371 648 445 quod
666 367 801 428 maxime
820 367 1035 446 precabamur,

71 476 93 518 a
110 459 155 518 Te
176 457 245 535 ipso
268 461 336 520 Tua
356 460 418 520 iam
440 467 548 538 sponte
571 465 747 538 susceptum
769 480 835 521 esse
861 460 1034 531 videamus,

72 553 192 610 utnon
215 555 280 612 tam
302 553 438 620 aNobis
458 555 494 614 ad
518 556 562 613 Ta
577 547 693 613 iter'um
714 554 777 614 ista
798 554 964 614 deferenda
985 569 1037 629 po-

75 644 195 704 stulata
216 645 293 714 sint,
315 663 407 722 quam
429 648 566 723 agendae
588 646 722 724 gratiae.

131 721 252 799 Tamen
274 737 345 797 Tibi
373 742 536 816 tantopere
558 742 596 800 ad
617 756 723 799 veram
747 739 879 816 gloriam
901 755 957 815 per
978 738 1038 796 Te-

72 830 173 907 ipsum
196 831 379 908 properanti
400 833 513 910 siquid
535 834 663 912 adiungi
682 855 700 897 a
715 835 810 898 Nobis
825 836 940 910 potest,
956 830 1036 889 illud

74 927 146 997 ast,
170 926 250 1000 quod
273 925 356 983 omni
391 943 486 1004 opera
505 929 584 1004 apud
611 931 656 988 Te
684 926 921 996 contendimus,
946 923 1035 983 utin
1107 937 1111 947 ·

73 1018 139 1096 ipso
161 1019 391 1095 praestantium
413 1020 570 1080 actionum
592 1039 696 1096 cursu,
716 1020 747 1079 in
771 1017 966 1078 vindicandis
988 1021 1038 1077 tot

73 1103 234 1188 tantisque
255 1111 393 1184 iniuriis,
416 1113 448 1172 in
471 1112 644 1175 iustissimo
666 1115 802 1191 gerendo
824 1116 935 1172 contra
955 1127 1038 1170 com·

72 1225 183 1266 munes
205 1208 311 1266 hostes
333 1207 428 1280 bello,
452 1207 484 1267 in
506 1209 740 1286 propugnandis
768 1225 876 1284 regum
899 1205 1035 1265 omnium

71 1299 207 1372 iuribus,
232 1317 396 1376 numquam
420 1300 584 1378 religionis
613 1302 753 1362 rationes
780 1321 799 1362 a
825 1299 941 1360 ceteris
967 1297 1037 1374 qui-

73 1393 261 1469 buscumque
290 1393 465 1452 rationibus
487 1394 650 1470 seiungas,
673 1410 853 1470 semperque
874 1390 947 1451 Tibi
969 1408 1038 1466 pro-

72 1487 210 1562 positum
233 1487 363 1558 habeas,
385 1489 429 1546 Te
452 1490 553 1562 Tuas,
577 1491 774 1563 'Puerumque
796 1503 963 1562 regnorum
986 1502 1036 1544 res

74 1583 140 1639 tum
163 1598 231 1639 esse
246 1582 391 1640 acturum
413 1582 567 1655 maxime,
590 1599 659 1641 curn
681 1580 845 1657 religionis
867 1578 1038 1655 integrita-

73 1673 97 1731 ti
128 1675 349 1748 prospexeris,
372 1691 441 1732 oum
469 1691 572 1734 sacros
594 1675 720 1748 cultus,
744 1691 813 1732 cum
842 1671 1035 1733 catholicam

73 1766 264 1838 Ecclesiam,
286 1765 412 1843 eiusque
434 1770 587 1828 unitatem
610 1769 641 1826 in
664 1766 837 1844 apostolica
866 1767 943 1826 Sede
965 1764 1036 1822 fun·

73 1861 179 1921 datam
213 1860 325 1936 ubique
358 1861 578 1934 constitueris;
600 1860 731 1938 Tibique
753 1861 866 1937 plane,
889 1857 941 1917 vel
969 1857 1035 1933 ipso

74 1953 261 2032 gallicarum
290 1954 561 2030 perturbationum
590 1954 733 2031 exemplo
754 1954 958 2031 persuadeas,
983 1969 1037 2027 pu·

73 2046 227 2108 bliearum
260 2063 365 2105 rerum
397 2064 547 2106 summam
580 2048 611 2105 in
633 2065 668 2106 eo
697 2047 802 2118 rerti,
825 2045 946 2104 scilicet
975 2061 1035 2102 non

73 2146 139 2202 tam
163 2143 308 2212 humana,
328 2159 419 2218 quam
441 2141 550 2201 divina
570 2141 631 2200 fide
659 2140 814 2200 contineri
836 2146 869 2200 et
889 2139 1039 2200 consiste-

73 2253 109 2294 ro
130 2252 244 2311 regna,
261 2237 353 2310 atque
368 2234 489 2294 abiecta
510 2233 676 2312 religione,
692 2235 723 2292 in
740 2235 895 2294 tumultus
917 2235 1036 2304 eadem,

73 2329 280 2400 rebelliones,
302 2346 337 2386 ac
359 2327 481 2387 ruinam
505 2346 617 2386 vesano
639 2327 896 2404 pravissimarum
918 2327 1037 2405 opinio·

74 2442 148 2484 num
176 2421 311 2499 impulsu
334 2421 484 2482 facillime
505 2421 740 2498 miserrimeque
760 2422 892 2499 prolabi.
915 2423 1035 2497 ltaque,

73 2517 125 2576 rel
148 2515 179 2575 in
203 2515 461 2587 administrando,
485 2515 536 2572 vel
559 2514 590 2572 in
614 2518 821 2591 componendo
843 2513 946 2588 bello,
962 2514 1036 2572 illae

74 2610 214 2688 potiores
236 2609 315 2685 apud
350 2610 393 2667 Te
416 2625 481 2666 esse
504 2607 617 2666 debent
638 2609 852 2680 conditiones,
875 2627 953 2686 quae
974 2609 1037 2667 Re·

75 2723 134 2782 gno
155 2703 212 2763 Dei
240 2700 446 2774 conveniant,
467 2703 546 2760 unde
574 2700 605 2758 in
635 2704 741 2760 cetera
766 2703 900 2760 humana
928 2704 1037 2777 Regna

74 2797 174 2858 omnis
196 2794 337 2872 publicae
355 2793 520 2870 potestatis
542 2793 590 2852 vis
606 2793 757 2870 vigorque
780 2798 954 2870 promanat.

134 2887 277 2950 Huncin
299 2889 421 2946 modum
437 2887 593 2946 faventem
616 2886 699 2959 Tibi,
715 2886 947 2963 propitiumque
969 2887 1039 2946 red·

75 2985 128 3044 des
149 2999 258 3059 regum
280 2983 416 3057 Regem,
440 2969 711 3056 imperiorumque
727 2982 886 3039 auctorem
914 2984 946 3039 et
967 2997 1038 3039 con·
1071 3021 1073 3026 ,

75 3081 288 3148 servatorem,
310 3093 345 3134 ac
369 3073 521 3133 victoriae
543 3071 769 3150 felicitatisque
791 3073 890 3132 omnis
908 3074 1039 3150 largito-
1075 3145 1077 3152 Ι

75 3187 140 3229 rem
170 3171 277 3228 Deum.
307 3169 482 3244 Numquam
510 3167 573 3228 Nos
601 3170 767 3242 propterea
794 3167 1038 3228 intermittimus

75 3262 113 3322 ad
141 3261 243 3338 ipsum
265 3278 320 3338 pro
342 3261 408 3333 To,
431 3259 590 3319 carissime
612 3259 644 3317 in
675 3260 803 3319 Ghristo
824 3260 888 3320 Fili
909 3262 1036 3334 Noster,

75 3371 131 3432 pro
152 3356 220 3413 Tua
234 3352 466 3432 Angustissima
484 3356 591 3427 Domo,
608 3354 744 3429 Tuisque
766 3354 966 3432 amplissimis
988 3373 1038 3414 re-

77 3448 145 3525 guis
167 3448 388 3521 romiseans,
410 3465 505 3524 eaque
526 3446 744 3524 coniungimus
770 3464 839 3507 cum
866 3449 1038 3526 apostolica
