2374 4196
304 327 526 398 chleplsoopo
544 327 718 386 Parisien.
741 319 875 403 aliisque
886 325 1086 386 Praesulibus

301 423 490 497 Galliarum,
503 441 632 482 necnon
645 426 808 496 yprensi,
824 426 993 497 spirensi,
1008 428 1086 484 tre·

301 524 443 595 virensl,
466 524 500 580 et
518 524 734 592 Magantino.
750 522 857 582 Mittit
871 525 910 583 ad
925 542 978 584 eos
996 524 1086 600 plura

302 613 446 690 exempla
466 613 640 673 recentium
664 614 918 690 Apostolicarum
946 616 1086 676 Littera·

303 727 373 769 rum
399 709 654 781 admonitionis,
679 714 715 769 ut
737 709 973 784 diffundantur3
996 712 1085 771 item·

303 818 362 876 que
374 801 530 861 indultum
541 801 729 862 facultatum
741 803 979 880 requisiturum.
1005 821 1080 880 pop.
1099 802 1154 863 292

203 892 283 954 1792
302 893 340 953 21
363 893 474 953 Martii
488 925 507 938 -
521 894 596 954 Etsi
614 903 791 971 perspecto.
821 897 920 956 Inoni
941 900 1085 955 Alexan·

302 992 365 1047 dno
387 991 656 1060 archiepiscopo
687 992 889 1059 Lugdunen.
916 989 1082 1066 Significat

304 1082 451 1159 gaudium
473 1085 551 1159 quod
567 1100 607 1141 ex
625 1084 695 1142 eius
713 1082 836 1142 litteris
857 1083 982 1160 accepit
1003 1082 1083 1141 refe·

302 1177 458 1249 rentibus,
479 1195 558 1253 quae
581 1176 648 1252 ipse
663 1193 720 1252 pro
741 1174 839 1234 o-ffiaio
860 1194 915 1234 suo
939 1175 1081 1252 gesserit.

302 1271 347 1328 Ac
362 1270 530 1345 respondet
544 1269 632 1328 illius
647 1267 808 1344 postulato
823 1285 917 1344 super
932 1268 1084 1345 regimine

303 1361 451 1420 dioecesis
471 1363 730 1438 Augustodunen.
754 1381 773 1422 a
793 1361 939 1438 legitimo
961 1364 1084 1437 pastore

303 1453 1080 1530 suoderelictae‚etpetitionisdioecesisSenoneu.

303 1565 397 1608 asuo
417 1547 659 1624 Archiepiscopo
679 1547 862 1625 repudiatae
906 1593 914 1607 .
961 1591 969 1606 .
1013 1593 1020 1606 .
1063 1547 1154 1608 »299

302 1641 340 1701 21
362 1641 472 1701 Martii
484 1673 500 1686 ·
518 1643 589 1702 Uno
603 1660 676 1702 oum
690 1641 837 1710 Litteris.
856 1646 958 1702 card.
973 1646 1082 1712 Rupe

231 1769 233 1774 ,
302 1734 457 1795 fucaldio
483 1734 646 1803 Arohtep.
678 1738 924 1804 Rothomagen.
957 1734 1082 1794 Gratias

303 1828 373 1906 agit
392 1844 450 1904 pro
472 1827 600 1903 capsula
621 1826 828 1903 reliquiarum
849 1829 886 1887 Β.
908 1827 1030 1887 Mariae
1043 1828 1081 1887 ab

304 1919 546 1983 lucarnatione:
572 1919 659 1979 cuius
684 1920 910 1980 intercessione
942 1919 1082 1980 futurum

304 2020 421 2093 sperat,
440 2018 476 2074 ut
489 2017 571 2075 Deus
586 2015 617 2072 iu
633 2014 809 2074 Galliarum
823 2032 957 2091 reguum
972 2016 1084 2074 catho-

301 2110 395 2170 licam
416 2108 506 2167 fidem
528 2109 660 2167 reducat
688 2151 1019 2168 .......
1062 2107 1150 2167 »297

302 2204 322 2262 4
343 2201 492 2279 Aprilis·
511 2200 569 2260 Ubi
589 2203 767 2260 commanis
787 2208 844 2260 est.
866 2203 992 2261 Ioanni
1005 2204 1083 2273 upi-

302 2310 408 2364 soopo
429 2297 582 2354 Alerien.
606 2292 763 2372 (itemque
791 2293 956 2370 Episcopis
981 2297 1080 2356 Adia-

301 2403 378 2447 oen.
400 2390 568 2457 sagonen.
589 2389 737 2450 Nebien.
752 2389 946 2446 Marianon.
963 2386 995 2444 in
1010 2387 1082 2448 Cor-

302 2481 396 2561 sica).
426 2481 531 2542 Mittit
561 2483 598 2542 ad
621 2500 672 2541 eos
693 2480 912 2540 monitoriales
940 2481 1080 2542 Litteras

300 2574 498 2653 Apostolicss
520 2574 581 2633 diei
605 2575 644 2634 19
663 2573 776 2633 Martii
797 2571 864 2631 eius
887 2571 961 2631 anni
980 2572 1080 2631 ubivis

302 2671 503 2748 evulgandos.
527 2671 678 2737 Queritur
698 2671 736 2729 de
759 2669 883 2727 intruso
902 2666 1081 2746 pseudoepi-

302 2783 403 2841 scopo.
420 2765 542 2825 Gaudet
553 2766 590 2823 de
605 2763 832 2824 retractatione
847 2763 1034 2834 multorum,
1047 2763 1080 2819 et

302 2861 339 2919 de
351 2859 564 2937 legitimorum
576 2859 764 2918 Praesulum
782 2857 980 2917 constantia:
992 2887 1007 2904 -
1016 2855 1082 2933 qui·

300 2955 356 3013 bus
379 2951 651 3013 extraordinarias
673 2951 842 3012 facultates
866 2952 1018 3012 concedit.
1060 2945 1150 3008 »299

301 3048 341 3109 19
368 3046 490 3123 Aprilis
504 3077 520 3091 -
534 3045 621 3106 Dum
650 3045 715 3104 Nos
740 3047 871 3106 iterant.
900 3046 1076 3116 Archiepi·

299 3157 405 3211 scopo
425 3141 636 3199 Arenionen.
657 3140 861 3210 Ειιὶεοοιιὶι,
887 3141 1078 3210 Capitulis,

301 3235 399 3292 clero
421 3237 456 3291 et
475 3235 603 3303 populo
625 3233 780 3291 civitatis
807 3233 1018 3291 Avenionen.
1044 3236 1080 3291 et

300 3328 485 3388 Venaieini
507 3328 710 3386 comitatam.
732 3325 826 3386 Dolet
846 3327 884 3386 de
910 3325 1080 3385 sceleribus

299 3436 376 3494 quae
398 3422 567 3496 patrantur
589 3417 686 3500 etiam
708 3422 819 3478 contra
840 3435 946 3478 sacras
967 3417 1080 3495 imagi·

299 3527 366 3584 nes,
388 3516 422 3572 et
443 3515 479 3572 de
501 3512 623 3582 intruso
638 3511 887 3590 pseudnvicario
902 3510 1078 3589 capitulari
