2364 4198
241 318 279 377 'et
299 316 462 395 prohibita
476 333 542 374 esse
563 316 830 393 deprehendatur.
847 319 928 379 Nam
949 319 979 378 id
1000 320 1074 378 esset
1089 319 1113 377 in
1129 319 1163 376 di·

245 412 329 476 vinis
349 429 419 470 cnm
434 408 642 468 schismaticis
664 410 894 470 communicare
912 411 944 470 in
967 411 1031 489 ipso
1049 411 1164 470 schisma·

245 505 287 566 tis
309 503 453 575 crimine,
470 503 550 578 quod
573 505 660 561 certe
682 504 798 562 natura
812 520 868 561 sua
889 503 1004 563 malum
1024 508 1076 576 ast,
1089 505 1164 580 proin·

245 601 342 677 deque
374 597 444 674 lege
473 596 556 654 omni
585 595 695 655 divina
728 598 761 654 et
789 597 930 656 naturali
952 597 1088 656 vetitum.
1106 597 1162 663 Quid

245 693 327 754 enim
349 691 434 751 aliud
455 693 505 750 est
530 689 709 749 schismatis
730 690 847 750 crimen
870 691 909 750 ab
929 691 1048 750 intruso
1067 691 1164 768 parocho

243 786 427 856 admissum,
444 802 536 860 quam
557 782 729 843 ministerii
751 783 941 860 parochialis
964 784 1112 861 usurpatio
1129 799 1164 842 sno

242 879 337 941 libitu
357 878 459 951 facta,
475 877 564 938 nulla
584 877 632 937 sui
653 877 790 956 episcopi
804 879 1012 952 anctoritate,
1026 879 1109 938 immo
1119 893 1164 936 con

242 974 330 1033 illius
351 975 532 1049 contemptu
553 975 586 1031 et
604 973 825 1050 repudiatione
845 972 1031 1033 coniuncta?
1044 975 1102 1032 Ant
1117 971 1163 1048 qnid

243 1067 329 1130 aliud
356 1065 527 1126 catholicus
556 1065 651 1124 efficit
678 1066 717 1126 ab
739 1065 862 1125 intruso
884 1065 1069 1142 baptismum
1088 1063 1164 1140 accipi·

241 1177 307 1231 ens,
324 1177 416 1234 quam
430 1158 513 1216 idem
532 1176 605 1216 cum
619 1157 677 1218 illo
694 1159 873 1218 schismatis
885 1160 1006 1218 crimen
1021 1159 1159 1226 admittere,

241 1271 311 1313 cum
326 1253 411 1311 alter
431 1251 620 1328 baptismum
635 1252 896 1326 administrando,
912 1254 997 1312 alter
1013 1251 1156 1330 recipiendo

243 1350 356 1405 neuter
367 1344 484 1420 absque
498 1343 632 1404 alterius
653 1360 748 1420 opera
762 1343 880 1403 crimen
902 1345 1007 1404 animo
1022 1349 1154 1421 conceptu

241 1437 340 1516 possit
360 1437 513 1514 patraret
533 1439 642 1513 Itaque
664 1437 689 1496 si
719 1438 893 1497 catholicus
914 1439 973 1498 hac
1004 1457 1060 1499 sua
1077 1438 1156 1498 action

241 1536 427 1609 cooperetur
448 1531 480 1590 in
497 1531 675 1606 schismate,
692 1531 763 1590 fieri
785 1531 906 1608 nequit,
923 1531 1001 1608 quin
1016 1533 1042 1592 is
1057 1531 1160 1591 schism

240 1627 285 1686 tis
305 1626 423 1684 crimen
445 1624 514 1700 ipso
534 1611 590 1684 suo
613 1624 695 1685 facto
717 1625 888 1702 approbet,
906 1625 1115 1702 intrusumque
1129 1639 1162 1699 pro

241 1719 386 1798 legitimo
405 1719 543 1797 parocho
571 1723 721 1796 agnoscat
747 1722 781 1778 et
801 1720 897 1780 colat.
920 1723 1006 1782 Vere
1034 1713 1162 1798 igitnnti

241 1813 388 1875 catholici
421 1814 452 1872 id
475 1813 534 1872 sibi
566 1813 613 1873 fas
635 1832 701 1873 esse
722 1814 982 1886 arbitrarentur,
1009 1833 1100 1892 neque
1120 1807 1165 1868 boni

240 1911 422 1986 perstarent
443 1907 475 1965 in
497 1908 668 1984 proposito,
686 1926 783 1984 neque
805 1909 842 1967 ad
865 1907 998 1967 officium
1022 1921 1165 1968 revocaren-

240 2007 296 2062 tur
317 2005 472 2073 errantes,
488 2004 583 2078 atque
596 2001 644 2060 ita
665 2000 811 2076 gliscenti
833 1999 997 2059 schismati
1021 2019 1078 2060 non
1097 1997 1165 2064 obice,

241 2097 293 2155 sed
314 2093 423 2153 fomite
445 2093 600 2170 apposito,
617 2093 793 2170 Religionis
808 2093 840 2152 in
863 2093 1058 2153 nobilissimo
1079 2089 1163 2152 Gellia

241 2206 339 2264 regno
361 2187 534 2246 servandae
556 2204 624 2262 spes
639 2186 704 2245 fere
727 2186 815 2245 nulla
829 2185 953 2262 reliqua
974 2193 1069 2246 esset.
1085 2185 1162 2252 Quibus

241 2280 382 2339 omnibus
402 2279 465 2339 rite
490 2266 668 2357 perpensis,
698 2279 856 2340 Sanctitas
878 2280 941 2338 Sua
962 2279 1003 2348 in¹
1027 2271 1161 2357 apostolici

239 2373 361 2434 litteris
382 2373 465 2432 datis
486 2373 536 2432 die
559 2375 596 2433 13
618 2373 740 2452 Aprilis
754 2373 912 2434 vertentis
932 2374 1023 2448 anni,
1039 2367 1167 2435 catholicis¹

242 2467 406 2540 omnibus,
434 2465 487 2542 qui
510 2470 584 2526 sunt
607 2467 640 2526 in
661 2485 759 2544 regno
785 2464 929 2539 Galliae,
951 2466 1001 2526 ita
1022 2463 1159 2543 praecipit:

178 2592 180 2598 v
240 2561 411 2620 Invaseres
432 2576 557 2632 omnes,
579 2562 647 2620 sive
672 2561 908 2634 archiepiscopi
918 2602 928 2631 ,
952 2562 1022 2621 sice
1043 2553 1162 2636 episcopt

240 2659 307 2714 sive
323 2653 464 2730 parochi
483 2658 699 2730 appellentur,
716 2657 766 2714 ita
787 2655 946 2725 devitate,
962 2661 1002 2712 oct
1023 2655 1132 2712 nihilo

240 2749 309 2808 illis
329 2749 373 2805 sit
392 2747 480 2805 vobis
507 2765 690 2820 commuue,
709 2749 903 2824 pracsertim
929 2749 966 2806 in
996 2747 1115 2806 divinis
1130 2739 1167 2817 (ll

300 2843 331 2901 Is
351 2840 454 2919 igitur
470 2841 524 2918 qui
545 2860 647 2901 secum
662 2843 766 2902 animo
787 2839 981 2901 haecomnia
1003 2843 1128 2916 reputet,

241 2936 302 2995 cile
323 2935 496 3012 intelliget,
521 2954 580 2994 non
596 2935 693 2994 licere
713 2934 879 2994 catholicis
895 2934 933 2993 ab
956 2933 1081 2993 intruso
1101 2932 1129 2989 ba
1153 2925 1156 2936 '

149 3095 152 3100 ,
241 3048 338 3090 smum
354 3029 507 3106 accipere,
521 3030 662 3105 quamvis
676 3029 714 3087 ob
728 3029 889 3106 legitimae
905 3026 1100 3103 probationis
1112 3019 1149 3080 del
1166 3063 1167 3066 ,

240 3125 338 3194 ctum,
354 3140 482 3181 suorum
498 3122 649 3182 natalium
670 3121 740 3181 iure
755 3138 875 3194 carere,
890 3124 947 3181 aut
961 3119 1093 3196 gravius
1105 3111 1166 3192 quot·

240 3215 322 3274 libet
342 3217 459 3276 malum
481 3217 773 3294 pati'cogerentur.
796 3218 877 3278 Nam
897 3214 992 3273 huius
1015 3207 1147 3290 praesert'

241 3308 421 3368 schismatis
433 3309 582 3385 qualitati
593 3310 728 3370 maxime
740 3309 887 3370 convenit
901 3323 1000 3368 aurea
1013 3307 1047 3364 S.
1061 3304 1126 3365 Dion

136 3479 138 3486 γ
241 3401 449 3462 Alexandrini
471 3405 645 3478 sententia,
669 3422 729 3481 qua
750 3405 777 3464 is
807 3404 946 3464 scribens
975 3406 1014 3466 ad
1039 3401 1132 3459 Nouoi

303 3520 339 3574 (1)
356 3517 412 3566 Vin.
432 3531 490 3578 pag.
504 3521 556 3576 161,
820 3483 822 3490 v
