2456 4192
49 335 129 378 nrum
146 317 312 397 explicati03
328 322 542 397 pervenerunt
563 321 668 380 tamen
690 319 866 399 aliquorum
892 321 966 401 Epi·

48 429 169 492 scoporum
189 413 270 494 typis
291 413 459 491 evulgatae
473 411 653 474 Pastorales
671 412 827 491 Litterae,
849 433 965 478 sermo-

48 527 85 568 nes
101 512 128 567 et
142 509 247 570 monita
267 505 449 585 evangelico
470 505 586 585 spiritu
607 508 712 585 plena,
728 507 781 569 sed
802 526 839 571 ea
859 510 965 590 singu·

47 602 132 662 irritu
147 621 163 663 a
180 603 239 663 suis
260 600 442 664 auctoribus
462 600 657 680 perscripta,
678 621 776 681 neque
797 604 963 681 rationem,

48 695 96 771 quid
112 713 128 756 a
143 696 230 757 Nobis
257 695 427 774 gerendum
454 695 640 769 videretur,
660 695 851 773 indicantia,
874 717 967 776 quam

49 789 98 849 iaec
114 793 193 852 unm
204 807 308 851 rerum
330 788 511 857 necessitas,
526 805 754 868 summumque,
770 790 801 851 in
816 810 877 870 quo
892 810 967 853 ver·

51 883 137 956 unini,
149 883 306 945 discrimen
328 887 524 962 exposceret.

86 977 184 1038 lerum
203 979 238 1039 ad
258 979 335 1050 Nos,
350 992 411 1037 uon
426 976 474 1038 ita
487 975 620 1055 pridem,
636 975 784 1055 pervenit
798 979 968 1042 manuscri-

48 1073 82 1144 pta
105 1071 241 1149 expositio
261 1070 380 1132 Vestra
410 1087 506 1148 super
525 1068 696 1149 Principiis
723 1067 967 1135 Oonstitutionis

46 1161 111 1235 ilari,
124 1183 206 1243 quam
226 1169 258 1226 et
279 1165 367 1244 typis
380 1169 490 1243 postea
511 1163 696 1242 accepimus,
712 1163 745 1223 iu
766 1164 855 1225 cuins
876 1181 969 1227 exor-

45 1256 79 1314 dio
94 1260 281 1338 perleguntur
307 1261 453 1321 extracta
472 1257 653 1320 Nationalis
673 1260 852 1321 &uranius
874 1259 969 1338 plura

44 1349 151 1427 moram,
164 1371 254 1430 eaque
268 1353 379 1414 multis
393 1351 563 1413 coniuncta
578 1351 903 1414 animadversionibus
917 1371 968 1415 su-

46 1461 83 1518 per
97 1445 245 1507 eorundem
259 1452 294 1508 et
313 1446 527 1521 invaliditate,
543 1448 576 1506 et
589 1445 762 1524 pravitate.
780 1447 896 1509 uotam
914 1466 969 1527 pa-

49 1538 102 1598 riter
116 1546 244 1621 tempore
258 1541 400 1604 redditae
422 1540 521 1604 Nobis
535 1544 610 1601 eunt
627 1545 771 1602 recentes
792 1542 891 1620 ipsius
906 1543 968 1605 Re-

53 1630 225 1712 gislitterae,
240 1637 274 1697 in
296 1635 407 1715 quibus
428 1633 683 1713 approbationem
704 1651 724 1695 a
742 1635 842 1697 Nobis
855 1639 967 1712 postu·

50 1724 88 1799 lat,
99 1729 124 1788 ad
135 1731 254 1809 aliquod
268 1731 393 1807 tempus
407 1728 592 1802 valituram,
608 1731 727 1805 septem
746 1726 965 1789 Articulorum

46 1819 178 1884 Nationalis
198 1825 389 1896 conventus,
402 1839 472 1883 cum
486 1821 598 1899 primis
618 1820 684 1881 illis
699 1815 835 1899 quinque
851 1821 890 1880 ad
903 1822 968 1884 Nos

45 1915 145 1990 lupusto
166 1935 269 1978 mense
291 1913 484 1977 transmissis
498 1933 577 1993 pene
597 1913 875 1990 consentientium,
891 1934 969 1977 una·

47 2024 83 2080 que
98 2011 247 2088 significat,
263 2029 296 2071 se
317 2011 350 2070 in
365 2009 527 2088 angustias
542 2009 644 2090 redigi
665 2024 721 2087 pro
742 2008 969 2100 interponenda

48 2104 160 2166 sanctione
176 2124 256 2166 novo
271 2101 494 2166 exsecutoriali
507 2105 651 2179 Decreto,
668 2103 717 2165 die
729 2103 769 2164 27
782 2102 969 2166 Novembris

46 2191 108 2268 edito,
121 2200 202 2259 ouius
223 2200 310 2260 iussu
331 2196 490 2276 Episcopi,
506 2194 640 2270 Vicarii,
656 2195 807 2269 Perochi,
828 2193 970 2256 Semina·

43 2283 127 2350 riorum
136 2291 420 2368 Praefecti,aliique
432 2287 654 2350 ecclesiasticis
665 2287 831 2368 iungentes
846 2287 967 2365 officiis,

42 2394 113 2442 ouran
131 2383 267 2462 generali
288 2381 578 2460 Municipalitatum
599 2382 748 2454 oonsilio,
769 2382 857 2444 intra
877 2399 970 2460 prae-

42 2473 155 2549 scriptum
176 2480 299 2555 tempus
318 2475 455 2536 iuratam
469 2477 632 2552 praestent
652 2473 881 2536 constitutioni
902 2491 969 2534 ser-

44 2567 125 2628 vandae
139 2571 243 2645 fldem,
259 2573 292 2631 et
306 2569 338 2628 ni
348 2568 478 2652 faoiapt,
495 2567 693 2647 gravissimis
707 2568 773 2628 sint
786 2566 896 2645 poeuis
910 2584 970 2645 pu·

43 2654 122 2722 niardi.
133 2665 259 2736 Verum,
273 2662 529 2740 quemadmodum
540 2661 603 2722 iam
617 2664 711 2722 autea
723 2659 963 2732 declaravimus,

41 2763 193 2833 nequaquam
206 2759 271 2819 Nos
293 2755 376 2816 velle
396 2756 548 2818 Nostrum
562 2771 745 2832 expromere
767 2771 860 2831 super
881 2751 967 2811 hisce

41 2842 149 2910 articulis
169 2849 332 2924 iudicium,
349 2848 408 2909 nisi
429 2847 516 2926 prius
538 2847 685 2907 amaiori
706 2843 819 2907 saltem
842 2842 971 2921 Episco-

42 2947 116 3005 llruu
134 2948 223 3020 parte
237 2941 402 3022 perspicue
423 2941 632 3019 distincteque
650 2941 748 3003 Nobis
770 2939 907 3000 relatum
921 2956 971 2999 es-

42 3031 152 3109 utquid
171 3037 233 3115 ipsi
255 3033 424 3108 sentirent,
440 3035 472 3093 id
493 3051 577 3093 nunc
597 3032 693 3092 etiam
714 3033 897 3092 constanter
917 3047 970 3092 re-

40 3122 152 3204 utinm,
166 3133 200 3190 et
221 3129 453 3189 confirmamus.

80 3219 145 3281 llum
163 3225 233 3285 Rex
252 3223 319 3300 ipse
347 3219 527 3300 postulata
553 3218 650 3282 Nobis
675 3217 761 3278 inter
782 3219 909 3292 cetera,
932 3219 969 3278 ut

39 3301 185 3376 teredone
194 3317 314 3380 Nostra
327 3314 599 3393 Metropolitanus,
615 3313 649 3372 et
659 3312 827 3390 Episcopus
839 3311 965 3372 induca-

41 3415 88 3462 nos
105 3409 137 3468 ad
151 3409 404 3472 consentiendum
419 3407 631 3470 Ecclesiarum
646 3405 968 3483 Metropolitanarum

43 3495 63 3550 al
81 3499 310 3582 Episcopatuum
338 3501 487 3563 divisioni
511 3503 545 3562 et
565 3498 799 3579 suppressioni,
822 3517 879 3559 nec
907 3514 968 3558 non

111 3621 163 3676 Vol.
181 3627 206 3676 13
267 3645 270 3651 ·
858 3623 872 3670 t
