2386 4194
219 315 276 371 aut
296 308 478 386 Apostolioa
497 311 616 372 Nostra
643 313 749 387 potest
774 293 987 383 auctoritate,
1009 309 1098 368 iuxta
1121 311 1177 366 ca-¹

222 403 361 463 noricam
373 400 517 477 formam,
530 404 674 464 dissolvi.
690 404 734 465 Iis
747 422 824 481 ergo
835 402 1066 474 adhaerescite,
1081 420 1160 478 neque

221 496 294 558 illas
316 514 459 574 umquam
474 497 682 574 derelinquite
697 498 842 575 luporum
857 497 1017 575 rapacium
1032 495 1160 566 arbitrio,

222 592 372 652 adversus
392 608 524 667 quorum
546 591 676 654 insidiae
698 594 760 652 Vos
781 592 844 654 iam
866 595 974 652 sancto
994 593 1104 650 ardore
1125 607 1163 647 ae·

223 686 364 744 strantes
379 687 412 744 et
426 702 533 744 rocem
556 676 729 760 extulistis,
746 690 779 746 et
792 685 958 763 legitimae
979 682 1162 745 auctoritatis

223 782 330 842 munia
351 783 439 843 obire
460 801 520 843 non
543 784 725 845 dubitastis.

283 877 330 936 Ad
353 876 416 935 Vos
437 875 547 934 deinde
569 891 741 935 sermonem
756 877 985 950 convertimus,
1001 873 1162 936 Dilectilli·

223 967 282 1040 lii,
310 968 525 1046 spectabilium
548 969 763 1045 capitulorum
785 970 954 1043 Oancnici,
985 969 1040 1047 qui
1061 941 1177 1028 Vestrisi

223 1063 491 1141 archiepiscopis,
513 1067 547 1124 et
566 1064 742 1141 Episcopis,
766 1065 871 1125 itaut
895 1066 1006 1138 decet,
1039 1062 1159 1132 subiecti,

223 1157 347 1233 quique,
363 1161 519 1234 tamqnam
536 1157 630 1234 plura
650 1157 790 1217 membra
810 1174 879 1216 cum
901 1156 1007 1234 eapite
1021 1157 1158 1232 colligate,

224 1268 318 1309 unum
340 1248 594 1310 Ecclesiasticum
624 1266 736 1327 corpus
762 1248 910 1323 efficitis,
940 1252 1021 1326 quod
1052 1267 1071 1308 a
1095 1245 1158 1308 civil

224 1342 334 1419 nequit
353 1344 512 1419 potestate
538 1341 643 1412 solvi,
666 1345 723 1402 aut
743 1342 868 1416 everti3
892 1343 954 1403 Vos
975 1342 1108 1414 itidem,
1125 1337 1155 1416 qni

223 1439 403 1498 tantarum
423 1436 516 1496 laude
537 1435 615 1495 estis
636 1435 766 1512 egregia
787 1437 975 1497 Vestrorum
998 1436 1155 1496 Praesuluu

224 1527 366 1604 exempla
387 1527 507 1601 secuti,
529 1545 548 1587 a
568 1529 675 1600 recta,
698 1527 729 1586 in
751 1546 811 1604 qna
832 1528 1002 1602 inceditis,
1026 1529 1080 1589 via
1100 1543 1159 1585 nun·

223 1639 314 1698 quam
336 1620 518 1693 deflectite,
548 1638 605 1679 nec
632 1638 777 1696 nmquam
806 1620 883 1680 item
912 1622 1121 1692 committite,
1138 1619 1177 1704 nil

223 1716 385 1794 quisquam
406 1715 549 1776 mentitis
577 1715 701 1774 exuviis
722 1715 945 1793 Episcoporum
966 1720 1026 1776 aut
1046 1711 1160 1775 Vicario

224 1827 294 1870 rum
315 1810 465 1882 indutus,
495 1808 635 1886 regimen
658 1809 844 1868 Vestrarnm
866 1809 1081 1869 Ecclesiarum
1101 1803 1158 1866 arri·

225 1902 301 1979 piat.
325 1903 402 1963 Illae
424 1901 519 1974 enim,
541 1902 568 1961 si
589 1920 644 1962 suo
665 1903 797 1962 Pastore
819 1901 970 1962 viduatae
990 1899 1159 1965 remaneant,

225 1998 262 2057 ad
276 1997 341 2058 Vos
355 1994 444 2055 unica
467 1994 683 2073 pertinebunt,
698 1994 845 2072 quidquid
862 1999 975 2055 contra
989 1997 1056 2056 Vos
1068 1994 1161 2052 irustn

225 2108 324 2151 novae
345 2090 494 2167 quaedam
510 2088 688 2148 molitiones
702 2087 876 2148 effecerint.
893 2090 962 2149 Una
975 2106 1054 2166 ergo
1068 2087 1160 2148 anino·

225 2200 307 2256 rum,
323 2185 357 2243 et
369 2181 569 2241 consiliorum
585 2180 801 2241 coniunctione
815 2199 937 2240 omnem
954 2199 974 2241 a
987 2181 1084 2242 Vobis
1095 2181 1158 2239 inu·

224 2276 339 2335 sionem
360 2277 394 2333 et
413 2275 559 2348 schisma,
582 2293 673 2352 qnam
695 2275 876 2353 longissime
897 2276 1044 2352 potestis,
1066 2275 1155 2335 arcete·

285 2369 349 2428 Vos
369 2369 465 2428 etiam
490 2369 640 2443 affamur,
663 2368 777 2430 Dilecti
798 2370 894 2443 Filii,
917 2370 1054 2431 Parochi
1075 2372 1105 2428 et
1121 2366 1159 2424 Pn-

225 2467 325 2523 stores
353 2462 479 2522 secundi
504 2462 645 2536 ordinis,
675 2462 728 2539 qui
756 2465 790 2522 et
818 2463 948 2539 plurimi
979 2481 1124 2533 numero,
1140 2457 1160 2513 ei

227 2557 348 2617 virtute
375 2559 578 2628 constantes,
606 2557 721 2615 Vestro
749 2573 877 2616 munere
905 2557 985 2616 estis
1016 2549 1158 2634 perfuncti,

224 2650 355 2710 illorum
370 2668 410 2709 ex
423 2648 549 2710 Vestris
567 2649 697 2727 collegis
713 2649 839 2709 omnino
861 2648 1049 2722 dissimiles,
1064 2647 1112 2726 qni
1123 2643 1160 2703 aui

225 2743 412 2804 infirmitate
426 2743 555 2816 devicti,
571 2747 627 2804 aut
641 2743 821 2805 ambitionis
838 2747 928 2804 aestu
950 2742 1101 2822 correpti,
1114 2751 1158 2798 sest

227 2839 446 2916 manciparunt
466 2836 580 2909 errori,
603 2837 717 2914 quique
738 2855 795 2915 per
814 2840 880 2901 Nos
902 2838 1028 2913 moniti,
1049 2838 1159 2897 matun,

227 2937 263 2993 ut
286 2949 464 3010 speramus,
487 2933 525 2991 ad
549 2930 649 2990 officia
675 2931 897 2992 convolabunt.
921 2933 1039 2993 Fortes
1063 2923 1159 3000 incepto

227 3025 314 3103 operi
334 3024 486 3098 insistite,
508 3043 544 3084 ac
565 3025 768 3099 mementote,
783 3043 874 3103 quam
897 3042 916 3084 a
936 3025 1061 3086 Vestris
1080 3013 1161 3096 legiti-

226 3119 285 3179 mis
305 3118 465 3197 Episcopis
486 3117 716 3178 institutionem
738 3118 914 3196 accepistis,
931 3137 991 3178 non
1007 3118 1067 3178 nisi
1080 3114 1113 3175 ab
1124 3108 1160 3168 iit

227 3214 296 3272 dem
317 3211 414 3273 adimi
429 3211 525 3272 Vobis
547 3229 649 3290 posse;
671 3211 718 3271 ita
739 3214 786 3286 ut,
808 3211 886 3270 licet
907 3229 965 3288 per
987 3210 1110 3272 civilem
1126 3217 1160 3278 pc

162 3357 166 3368 .
228 3309 376 3368 testatem
396 3323 413 3364 e
435 3305 535 3382 gradu
556 3306 672 3367 Vestro
692 3303 825 3378 deiecti,
847 3308 880 3364 et
901 3304 1044 3382 expulsi,
1066 3304 1158 3371 semper

228 3399 329 3462 futuri
343 3396 414 3457 sitis
427 3399 576 3458 Pastores
589 3396 738 3476 legitimi,
752 3399 869 3458 Vestro
887 3416 1017 3458 munere
1031 3384 1158 3458 adstricti

229 3495 379 3570 quantum
401 3491 432 3551 in
455 3490 552 3551 Vobis
573 3490 649 3564 erit,
671 3490 710 3552 ad
730 3489 816 3551 iures
837 3493 999 3566 arcendos,
1014 3489 1066 3568 qui
1079 3480 1159 3546 inVe
