2456 4192
629 209 787 269 ...42-

647 346 767 402 xlll.

540 466 734 510 varunnam
755 465 874 510 raanan

577 611 832 670 IOSEPHO

518 766 678 844 Episcopo
713 766 896 828 Basileemi

438 915 610 997 PIUS
655 917 741 994 ΡΑ
760 918 794 995 Ρ
818 917 848 994 Α
902 917 970 994 VI.

345 1105 432 1163 ven.
447 1105 581 1175 Frater,
598 1105 751 1163 salutem
773 1107 809 1161 et
829 1104 1068 1174 Apostolloem

560 1197 857 1255 Benedictionem.

260 1339 262 1344 ’
283 1348 372 1410 Nihil
394 1347 527 1407 maiores
548 1347 606 1406 hoc
627 1350 768 1422 tempore
789 1345 822 1404 in
844 1344 948 1406 animo
968 1347 1088 1408 Nostro
1103 1347 1203 1407 solli·

224 1442 380 1502 citudines
400 1441 539 1513 excitat,
556 1439 754 1500 Venerabilis
775 1440 909 1510 Frater,
924 1457 1018 1516 quam
1037 1457 1125 1517 quae
1151 1443 1203 1500 de·

223 1541 311 1596 creta
331 1535 364 1594 in
386 1535 524 1596 comitiis
538 1533 685 1596 Nationis
699 1535 840 1596 Gallicae
853 1535 938 1595 iacta
951 1536 989 1593 de
1003 1535 1202 1612 episcopali-

224 1629 280 1688 bus
305 1629 428 1690 sedibus
452 1647 489 1690 ao
518 1628 708 1688 dioecesibus
740 1630 777 1688 ad
804 1645 860 1687 uos
885 1627 1102 1704 perferuntur.
1129 1629 1200 1688 Hoc

223 1723 324 1799 ipsum
347 1741 385 1782 ex
406 1723 472 1782 tuis
492 1722 628 1782 Litteris
649 1722 698 1781 die
719 1722 764 1781 XI
778 1721 965 1783 Novembris
987 1720 1072 1780 datis
1094 1739 1200 1798 agno·

223 1817 355 1888 scimus,
378 1819 423 1876 Te
443 1816 474 1876 in
498 1816 651 1876 maximas
672 1814 782 1874 itidem
804 1813 973 1874 coniecisse
995 1814 1197 1884 anxietates,

223 1928 291 1970 oum
314 1911 345 1970 in
369 1914 417 1970 tot
438 1927 599 1970 sacrarum
615 1925 720 1968 rerum
735 1907 1025 1985 perturbationibus
1039 1907 1141 1968 valde
1156 1908 1201 1968 ti-

222 2021 321 2074 meas,
338 2020 376 2062 ne
397 2005 469 2080 qnid
485 2001 637 2061 eiusmodi
652 2001 683 2059 in
700 2004 773 2062 tuae
787 2000 944 2060 ¹dioecesis
958 2003 1095 2076 partem,
1113 2020 1198 2078 quae

223 2097 253 2155 in
269 2096 394 2156 Alsatia
406 2101 474 2166 est,
489 2113 559 2154 oum
574 2095 713 2170 plurimo
730 2094 906 2166 animarum
921 2093 1062 2171 periculo
1076 2100 1198 2156 exten·

223 2191 328 2249 datur.
346 2188 488 2248 *Proinde
511 2189 550 2246 ad
575 2186 789 2263 Apostolicam
815 2189 926 2246 Sedem
951 2186 983 2245 iu
1008 2185 1095 2246 hisee
1130 2189 1197 2249 tuis

221 2280 376 2360 angustiis
406 2279 567 2358 coniugis,
592 2280 749 2356 Nobisque
778 2279 946 2341 nonnullas
974 2279 1197 2344 dubitationes

221 2379 388 2459 proponis,
408 2382 445 2439 ad
467 2397 544 2457 quas
566 2379 780 2440 dissolvendas
802 2385 969 2457 antequam
991 2381 1195 2456 accedamus,

222 2473 301 2533 illud
325 2473 458 2549 primum
481 2471 632 2545 dicimus,
649 2472 753 2532 nullas
775 2474 928 2533 hactenus
948 2475 988 2533 ad
1007 2473 1073 2533 Nos
1096 2474 1195 2535 illinc

222 2564 448 2644 postulationes
469 2583 535 2626 esse
557 2566 693 2636 relatas,
711 2569 748 2625 ut
768 2565 930 2642 legitime,
946 2565 1067 2625 scilicet
1088 2569 1195 2630 Nobis

221 2657 506 2731 consentientibus,
531 2676 628 2718 novus
652 2675 709 2735 pro
732 2657 857 2718 elsatia
882 2658 1039 2735 superiori
1060 2661 1197 2736 Episco-

220 2771 278 2830 pus
299 2751 485 2828 eligeretur3
510 2769 620 2828 neque,
638 2751 663 2812 si
685 2751 910 2828 postulabitur,
926 2753 990 2814 Nos
1005 2751 1099 2812 facile
1125 2756 1196 2816 ani·

222 2864 306 2906 mum
328 2862 394 2905 esse
415 2845 565 2905 Nostrum
587 2847 623 2905 ad
645 2846 726 2904 huuc
741 2862 912 2915 assensum,
929 2850 1025 2921 prout
1041 2864 1127 2908 nune
1144 2868 1195 2910 res

222 2948 313 3012 sunt,
339 2939 535 2999 inducturos.
1030 2937 1032 2942 '

280 3033 364 3099 Quod
387 3031 414 3090 si
436 3031 605 3109 Episcopus
627 3031 741 3108 aliquis
768 3048 849 3090 novo
874 3033 963 3090 modo
989 3031 1193 3110 illegitimo,

222 3125 369 3194 nimirum
399 3124 466 3184 sine
493 3143 643 3186 consensu
672 3129 798 3196 nostro,
821 3142 857 3183 ac
882 3125 1194 3202 apostolicaesedis

220 3218 412 3279 auctoritate
434 3217 618 3290 institutus,
635 3237 671 3278 ae
693 3218 725 3277 iu
745 3235 797 3278 eas
812 3218 956 3295 regiones
970 3211 1121 3280 inductus
1138 3240 1193 3281 seu

221 3311 362 3372 intrusus
382 3310 497 3384 fuerit,
516 3312 609 3371 facile
624 3329 680 3389 per
694 3313 738 3370 Te
754 3311 855 3388 ipsum
877 3310 1060 3388 intelligere
1083 3317 1192 3388 potes,

221 3407 260 3464 V.
277 3407 327 3479 R,
344 3421 401 3483 per
426 3407 505 3465 hauc
530 3424 641 3466 novam
671 3406 752 3466 sedis
780 3404 967 3484 episcopalis
994 3406 1191 3468 erectionem

221 3500 348 3560 minime
369 3499 532 3571 futurum,
549 3503 585 3558 ut
606 3500 692 3572 Tua,
708 3515 799 3574 quam
823 3516 904 3558 nunc
924 3497 1021 3558 habes
1042 3499 1075 3558 iu
1098 3518 1192 3578 supe-
