2456 4192
627 193 667 206 -
688 162 729 222 72
749 194 788 209 ..

227 264 297 352 dem
314 252 517 329 'confirmavit
544 271 715 349 Apostolus
735 272 769 331 in
797 273 940 352 superins
968 274 1102 334 laudata
1123 273 1205 351 Epi·

228 360 311 421 stola
331 360 396 441 (l):
419 378 439 422 ‹
457 363 565 426 Omnis
585 364 692 426 anima
722 366 932 446 potestatibus
959 366 1205 428 sublimioribus

188 529 190 533 Ι
228 454 388 516 »subdita
409 456 473 532 sit3
497 476 556 518 non
579 463 630 520 est
649 459 888 539 enimpotestas
910 461 1004 524 nisis
1024 464 1103 537 lle03
1119 481 1205 540 quae

229 552 368 610 sautem
389 553 465 611 sunt
485 569 504 612 a
524 554 599 627 Deo,
616 552 779 615 ordinatae
800 561 886 616 sunt:
903 555 1022 634 itaque,
1038 555 1096 634 qni
1117 556 1206 616 resi·

228 641 321 704 »stit
340 643 514 721 potestati,
535 644 592 706 Dei
613 645 805 707 ordinationi
837 647 982 709 resistit:
1005 649 1059 727 qni
1089 654 1206 710 autem

228 735 427 812 »resistunt
441 738 501 816 ipsi
523 738 583 800 sibi
608 739 840 802 damnationem
860 741 1040 819 acquirunt.
1054 761 1074 801 »

287 831 390 910 Atque
418 831 469 894 hic
492 833 614 895 referre
640 834 720 896 libet
747 852 895 897 canonem
922 835 1055 898 Consilii
1090 837 1207 896 Turo-

228 924 333 986 nensis
353 927 406 1001 II,
429 926 531 988 babiti
552 947 632 990 anno
650 928 712 990 567
732 928 800 1008 (2),
828 927 917 990 cuius
936 929 1042 989 verbis
1062 932 1206 992 anathe-

228 1023 312 1084 mate
332 1021 508 1100 plectitur,
532 1041 593 1083 non
615 1022 715 1086 solum
744 1022 798 1102 qni
822 1021 965 1085 Decretis
992 1024 1204 1102 Apostolicse

226 1115 318 1176 ,Sedis
339 1115 499 1178 contraire
528 1115 722 1196 praesumit,
738 1118 790 1177 sed
812 1120 856 1192 et,
873 1117 987 1195 «quod
1010 1117 1103 1195 peius
1127 1122 1201 1192 est,

228 1208 314 1288 »qui
335 1211 447 1270 contra
468 1209 678 1284 sententiam,
701 1227 793 1288 quam
815 1228 871 1272 ves
891 1209 1054 1271 electionis
1076 1205 1213 1272 Paulus

229 1302 429 1379 »Apostolos
450 1299 575 1382 Spiritu
596 1304 704 1364 sancto
725 1302 927 1366 ministrante
955 1303 1198 1382 promulgavit,

228 1394 350 1457 »alind
372 1395 581 1470 conscribere,
603 1395 671 1458 nlla
691 1397 815 1458 ratione
839 1400 1034 1477 praesumat,
1054 1415 1132 1460 cum
1157 1397 1197 1457 di·

135 1473 142 1494 *
228 1492 314 1553 »cat
335 1489 401 1569 ipse
422 1490 655 1569 perspiritum
677 1495 831 1554 sanctum:
857 1493 917 1560 Qui
938 1491 1198 1571 praedicaverit,

229 1585 393 1663 epraeter
413 1583 443 1642 id
465 1584 544 1662 quod
567 1585 760 1664 praedicavi,
782 1588 951 1650 anathema
970 1586 1061 1647 sit.»

287 1678 348 1740 Ast
367 1676 407 1739 ad
429 1677 629 1740 refutandum
653 1678 911 1741 absurdissimum
939 1679 1006 1740 eius
1034 1679 1200 1740 libertatis

228 1774 452 1846 commentum,
475 1771 553 1832 satis
574 1773 631 1832 hoc
653 1772 749 1836 etism
771 1790 837 1833 esse
858 1775 981 1851 potest,
1004 1771 1031 1832 si
1056 1773 1201 1834 dicamus

227 1864 406 1927 huiusmodi
421 1882 529 1942 nempe
545 1865 734 1929 sententiam
748 1865 843 1927 fuisse
863 1867 1075 1927 Valdcnsiam
1088 1870 1123 1926 et
1140 1867 1201 1926 Be-

226 1959 429 2036 puerulorum
456 1958 662 2022 solamente
693 1961 734 2032 V,
764 1977 851 2022 sacro
879 1960 1072 2038 approbante
1107 1978 1200 2020 oecu-

226 2051 349 2115 menico
370 2051 508 2115 Concilio
522 2053 693 2115 Viennensi
707 2052 766 2132 (3),
782 2055 1012 2126 damnatorum,
1031 2069 1127 2130 qnam
1149 2054 1199 2112 de-

228 2146 299 2206 inde
321 2146 422 2207 secuti
443 2149 517 2207 sunt
537 2147 771 2225 Wiclepisistee,
795 2148 829 2207 et
849 2150 1008 2224 postremo
1030 2145 1198 2207 Lartem

226 2238 294 2302 illis
315 2237 379 2300 suis
393 2239 508 2302 verbis:
525 2239 637 2303 Liberi
651 2260 760 2303 aumas
774 2243 813 2302 ab
827 2243 975 2302 omnibus
989 2240 1046 2320 (4).
1060 2242 1198 2300 Verum·

228 2335 333 2394 tamen
355 2350 433 2411 quae
448 2336 497 2408 ¹de
519 2334 698 2396 obedientia
725 2333 880 2414 legitimis
908 2334 1121 2413 potestatibus
1146 2337 1198 2394 de·

227 2424 294 2487 bita
314 2427 516 2503 asseruimus,
539 2429 683 2491 nolumus
704 2449 741 2490 eo
761 2428 861 2508 accipi
882 2447 987 2501 sensu,
1007 2431 1044 2488 ut
1064 2445 1085 2488 a
1097 2428 1197 2492 Nobis

227 2517 312 2582 dicta
331 2519 453 2584 fuerint
473 2522 577 2586 animo
598 2524 797 2601 oppugnandi
819 2541 917 2586 noves
941 2523 1053 2585 civiles
1073 2525 1195 2600 Leges,

226 2609 339 2690 quibus
360 2616 429 2675 Rex
450 2615 516 2694 ipse
536 2620 702 2694 praestare
721 2615 828 2695 potnit
841 2633 1012 2690 assensum,
1028 2620 1144 2694 utpote
1157 2615 1195 2676 ad

225 2705 315 2770 illius
335 2707 502 2786 profanum
521 2709 661 2789 regimen
676 2711 885 2788 pertinentes,
900 2727 936 2772 ae
958 2710 986 2770 si
1004 2728 1061 2788 per
1075 2711 1143 2772 Nos
1158 2727 1195 2769 eo

227 2801 357 2862 oonsilio
384 2802 486 2865 allata
510 2803 598 2878 sint,
622 2807 659 2866 ut
679 2804 782 2866 omnia
809 2805 845 2866 ad
872 2803 1043 2882 pristinum
1065 2803 1194 2864 civilem

226 2895 348 2956 statum
376 2896 658 2976 redintegrentur,
685 2898 777 2959 iuxta
804 2898 1003 2975 quorundam
1035 2897 1196 2957 calumnia

227 2988 333 3051 torum
353 2989 522 3070 evulgatas
533 2989 848 3079 interpretationes,
864 2990 903 3052 ad
923 2990 1116 3070 condendam
1132 2991 1194 3050 Re-

289 3173 324 3228 <o
341 3169 382 3222 At
396 3175 505 3223 Roman.
516 3185 574 3236 cap.
586 3174 658 3231 xm,
670 3184 738 3221 vers.
757 3173 770 3222 1
787 3173 814 3220 et
829 3173 854 3220 t.

288 3249 324 3306 (l)
341 3247 430 3298 canon
445 3251 485 3306 lo,
503 3249 531 3297 ln
547 3249 646 3298 collect.
658 3248 753 3306 nabbe,
771 3249 832 3296 tom.
845 3249 889 3307 VI,
906 3261 965 3311 pag.
977 3249 1033 3299 til.

288 3324 323 3382 (θ)
341 3324 402 3384 cap.
414 3327 454 3372 111
469 3326 498 3376 ln
514 3325 716 3380 clenentiam.
727 3323 759 3373 de
774 3324 925 3377 marmora

172 3443 177 3452 .
226 3451 231 3458 ,
289 3402 324 3458 <ti
342 3402 377 3456 ut
385 3403 465 3451 refert
475 3404 565 3452 auctor
573 3401 705 3463 appendio.
714 3400 752 3456 ‚sd
762 3402 788 3450 S.
801 3402 924 3454 'rbem
934 3404 958 3452 1.
966 3403 990 3452 ὓ.
998 3415 1042 3462 qu.
1054 3404 1098 3460 se,
1107 3402 1152 3468 put.
1165 3401 1190 3448 Β.

225 3475 286 3526 cdlt.
299 3477 405 3538 neapol.
420 3479 489 3526 1768.
