2456 4192
658 205 797 264 ..2-

247 337 308 396 qua
328 317 361 376 in
383 333 455 376 eum
476 329 607 373 munera
628 330 685 372 sua
706 311 845 371 contulit
865 312 1073 395 amplissime,
1096 315 1128 374 in
1155 335 1221 393 quo

248 411 338 472 nulla
358 407 544 468 meritorum
573 404 725 482 suffragia
753 403 898 477 invenit3
927 407 1122 467 constituens
1147 411 1220 470 Nos

247 505 400 576 infirmos,
422 502 456 561 et
475 501 676 560 immerentes
697 499 729 557 in
751 503 847 576 caput
868 501 1022 578 gentium,
1037 503 1074 562 ut
1086 505 1219 562 aeterni

247 598 390 661 Pastoris
411 596 564 656 vicariam
586 593 839 670 procurationem
862 599 1007 672 gerentes
1035 593 1067 654 in
1092 598 1218 670 terris,

247 708 445 770 pasceremus
466 689 566 750 Israel
593 687 804 749 hereditatem
826 706 935 762 suam,
958 706 1086 766 eamque
1108 693 1220 751 addu-

246 803 388 845 ceremus
411 784 443 842 in
464 787 602 842 montem
624 783 765 842 sanctum
788 782 887 856 Sion,
909 782 1077 842 caelestem
1097 783 1220 845 Hieru-

246 879 353 939 salem.
376 880 418 938 Et
439 874 585 954 quoniam
607 875 744 934 maxime
765 873 937 948 convenit,
968 879 1003 935 ut
1030 877 1216 953 obsequium

245 976 410 1046 Nostrum,
433 975 467 1030 et
488 969 606 1050 oblatio
627 970 801 1030 consecrati
822 969 980 1046 pontificis
1000 988 1020 1029 a
1047 971 1217 1031 sacrifieiis

245 1064 423 1129 Dominicae
444 1063 548 1124 laudis
569 1063 752 1138 inchoetur3
777 1082 834 1123 non
858 1081 1018 1141 possumus
1033 1083 1092 1125 non
1107 1084 1217 1126 erum-

246 1177 320 1238 pere
340 1160 373 1218 in
396 1176 489 1219 voees
518 1156 764 1230 exsultationis,
788 1157 972 1218 confitentes
998 1159 1151 1230 Domino,
1183 1165 1216 1220 et

245 1255 418 1314 clamantes
439 1269 507 1312 cum
523 1253 682 1328 Propheta
696 1251 753 1328 (1):
769 1253 908 1311 Laudem
923 1252 1047 1312 Domini
1060 1252 1215 1330 loquatur

246 1368 280 1410 os
301 1350 468 1420 nostrum,
491 1349 524 1405 et
545 1363 656 1404 nomen
684 1346 826 1404 sanctum
856 1344 923 1404 eius
951 1345 1055 1405 anima
1081 1350 1213 1420 nostra,

245 1462 281 1504 ao
302 1441 446 1519 spiritus,
470 1449 555 1512 ceto,
579 1442 613 1498 et
633 1437 742 1515 lingua
763 1439 938 1498 benedicet.
962 1441 1005 1499 At
1027 1442 1056 1499 si
1077 1443 1215 1518 religio-

245 1555 314 1596 sam
335 1542 382 1595 est
402 1533 548 1612 pandere
565 1531 604 1592 de
625 1531 720 1604 dano,
737 1534 955 1592 necessarium
969 1542 1015 1592 est
1030 1522 1133 1610 etiam
1148 1545 1215 1597 tre·

217 1631 360 1708 ‘pidare
381 1629 419 1687 de
439 1628 565 1686 merito.
592 1626 677 1691 Quid
696 1627 784 1686 enirn
806 1633 875 1686 tarn
896 1628 1095 1703 pavendam,
1109 1647 1213 1706 qnam

245 1725 334 1783 labor
354 1722 475 1799 fragili
482 1764 491 1792 ,
514 1721 698 1780 sablimitas
718 1719 855 1790 humili,
883 1720 1033 1797 dignitas
1052 1739 1121 1782 non
1140 1742 1212 1784 me-

244 1817 334 1875 renti
354 1812 420 1892 (2)t

302 1910 399 1975 Quem
422 1926 483 1966 non
505 1909 645 1966 terreret
666 1924 813 1983 praesens
835 1907 1002 1969 christiani
1023 1907 1130 1984 populi
1145 1915 1212 1970 sta-

243 2004 306 2076 tus,
329 2001 361 2059 in
384 2019 443 2076 quo
465 1999 574 2059 divina
593 1999 651 2060 illa
664 1999 816 2072 charitas,
835 2000 942 2076 quain
957 2005 1019 2062 Deo
1034 2018 1209 2075 manemus,

242 2098 277 2153 et
297 2096 379 2153 Deus
402 2093 432 2151 in
455 2091 563 2167 Nobis,
587 2091 759 2168 plurimum
782 2091 982 2169 refrigescit3
1007 2093 1127 2154 scelera
1148 2113 1212 2155 au-

243 2191 321 2259 tem,
343 2203 380 2245 ac
401 2185 585 2261 iniquitates
607 2183 708 2261 magis
730 2183 762 2243 in
786 2184 851 2244 dies
873 2185 1093 2247 invalescenti
1111 2190 1210 2250 Cuius

243 2297 303 2338 non
332 2279 482 2338 obrueret
507 2279 646 2339 animum
675 2278 863 2355 gravissima
891 2279 950 2340 illa
975 2281 1209 2356 consideratio,

243 2372 322 2450 quod
350 2359 522 2432 Ecclesiam
552 2373 673 2434 Christi
702 2373 851 2450 Sponsam
884 2373 1142 2460 custodiendam,
1175 2397 1210 2436 ao

243 2466 392 2526 tuendam
415 2465 601 2543 suscipimus
621 2485 658 2526 eo
681 2471 835 2542 tempore,
852 2485 910 2542 quo
926 2467 1126 2528 orthodoxae
1143 2473 1209 2530 Re-

242 2558 352 2636 ligioni
376 2562 425 2620 tot
446 2563 614 2619 struuntur
635 2560 785 2635 insidiae3
801 2579 861 2637 quo
875 2561 1027 2622 salutaris
1044 2579 1207 2624 sacrorum

242 2670 394 2712 canonum
419 2670 530 2712 norma
558 2657 622 2713 tam
653 2654 853 2730 impudenter
883 2655 1119 2729 contemnitur;
1147 2676 1207 2734 qno

242 2745 373 2822 denique
396 2745 572 2806 turbulenti
594 2746 734 2805 homines
761 2747 889 2807 immani
917 2749 1049 2825 quadam
1080 2750 1208 2810 novita-

242 2842 309 2898 tum
335 2838 499 2916 prurigine
529 2839 672 2899 iurentes
705 2840 756 2899 vel
783 2841 851 2916 ipsa
878 2841 1045 2902 rationalis
1075 2845 1208 2904 naturae

241 2932 371 3008 aggredi
394 2949 453 2990 non
476 2930 623 2991 dubitant
645 2930 858 3006 fundamenta,
882 2937 975 3012 atque
996 2932 1075 2999 item
1095 2954 1208 2996 conan-

242 3030 307 3098 tur,
323 3023 350 3084 si
370 3023 442 3083 fleri
463 3028 577 3101 posset,
599 3026 806 3086 subverteret
820 3027 966 3087 Profecto
981 3032 1018 3088 in
1032 3029 1093 3090 tac
1108 3037 1207 3090 tanta

138 3169 150 3190 ,
240 3125 383 3182 materia
403 3123 646 3198 trepidationis,
663 3127 759 3184 nulla
773 3109 870 3184 Nobis
883 3132 962 3184 esset
976 3126 1207 3202 dependendae

240 3215 364 3292 fidncia
384 3217 561 3286 servitutis,
578 3218 647 3276 nisi
666 3235 734 3276 non
755 3219 958 3288 dormitaret,
975 3235 1079 3296 neque
1093 3221 1207 3280 obdor-

303 3364 338 3418 (i)
355 3363 397 3408 Pe.
411 3363 519 3411 cxmv.
531 3365 570 3410 21.

304 3439 338 3491 (2)
356 3437 382 3483 S.
394 3441 444 3484 Leo
454 3440 488 3484 Μ.
499 3451 574 3486 serm.
587 3440 607 3484 1.
621 3451 676 3498 cap.
688 3441 722 3486 11.
734 3441 761 3486 et
769 3452 844 3488 serm.
858 3441 892 3486 II.
905 3454 960 3501 cap.
972 3433 993 3488 1'.
1005 3443 1084 3502 postr.
1095 3445 1204 3492 Venetae

240 3512 300 3560 edit.
318 3515 367 3558 FF.
379 3514 501 3561 Ballerin.
