2498 4200
50 317 228 378 beneficium
250 317 282 378 iu
303 316 464 394 indignam
485 319 635 378 collatum
650 317 754 396 palam
774 317 917 378 omnibus
938 335 1010 395 pro·

51 400 131 472 fiteri
152 428 321 488 numquam
343 411 517 472 destiterit.

105 510 175 584 Ipsa
196 505 301 566 sacris·
315 506 475 598 Ecclesiae
497 507 623 579 ritibus,
642 509 845 585 psallentium
868 525 1010 586 praeser-

49 601 103 661 tim
115 600 233 672 choris,
249 601 361 676 quibus
377 619 457 662 nune
469 603 587 680 templa
602 603 751 680 plurima,
768 603 930 664 dissolutis
952 605 1010 664 Ga·

51 694 228 754 noricorum
250 692 405 770 collegiis,
421 693 653 768 destituuntur,
675 697 752 756 adeo
772 699 821 756 est
841 697 1008 768 delectata,

51 796 85 853 ut
102 797 194 853 sexto
215 795 290 851 ante
320 793 444 852 obitum
466 791 538 865 die,
561 795 668 855 morbo
695 794 771 855 licet
792 795 1010 873 doloribusque

46 887 200 960 confecta,
215 886 249 944 in
265 887 416 963 templum
432 887 550 947 deferri
565 887 717 961 voluerit,
733 892 766 948 et
785 906 892 950 sacrae
913 891 1011 950 Para-

49 997 152 1040 seeves
174 979 339 1056 mysteriis
360 980 526 1040 interesse.

102 1076 176 1150 Ipsa
198 1073 330 1150 deniquo
353 1075 490 1134 divinam
519 1074 677 1135 Ecclesiae
698 1076 922 1137 auctoritatem
944 1093 1011 1136 ma·
1121 1117 1126 1128 ,

50 1168 121 1227 ximi
136 1167 255 1241 iacere,
270 1169 337 1226 eius
348 1168 508 1228 institutis
520 1167 552 1227 in
568 1169 706 1228 minimis
717 1169 812 1230 otiam
825 1171 918 1230 rebus
929 1187 1013 1229 sum-

51 1277 94 1320 mo
113 1260 222 1324 studio
245 1263 279 1319 et
298 1263 498 1322 accuratione
520 1281 642 1340 parere,
660 1264 817 1325 Ecclesiae
838 1263 1011 1341 praesules,

50 1358 205 1430 umquam
228 1353 358 1429 angelos
379 1356 417 1412 de
439 1354 526 1415 caelo
548 1354 692 1432 delapsos
713 1356 879 1428 venerari,
902 1355 1014 1432 impri-

51 1449 163 1526 misque
185 1446 306 1506 Summi
328 1448 493 1507 Pontifiois
515 1450 615 1525 gradu
637 1451 853 1525 potestateque
874 1451 950 1510 adeo
965 1447 1014 1508 ai·

55 1540 96 1601 liei
116 1542 190 1602 visa
211 1545 273 1613 est,
289 1544 326 1600 ut
346 1559 402 1600 neo
423 1541 491 1600 eius
514 1558 659 1618 uniquam
682 1559 792 1600 nomen
815 1543 882 1601 sino
904 1541 1014 1620 singu·

56 1632 103 1694 lari
116 1634 229 1711 aliqua
251 1635 450 1694 reverentiae
466 1634 695 1712 significatione
717 1634 958 1712 pronunciaret,
974 1635 1012 1695 ab

51 1745 139 1805 eoque
160 1726 313 1805 quidquid
336 1727 609 1805 proficisceretur,
631 1729 761 1806 quasia
788 1732 850 1789 Deo
872 1729 940 1805 ipso
961 1730 1014 1788 de·

53 1823 189 1894 missum,
204 1820 303 1880 alacri
324 1821 497 1899 libentique
519 1823 623 1882 animo
644 1823 830 1900 susciperet.

105 1919 315 1994 Quapropter,
331 1933 472 1977 eversam
489 1935 570 1976 nuno
591 1917 733 1978 funditus
747 1917 904 1978 Ecclesiae
920 1916 1012 1978 disci·
1059 1920 1060 1924 ’

54 2012 176 2089 plicam,
194 2011 262 2070 eius
276 2010 415 2086 regimen
432 2010 521 2069 civili
543 2011 677 2086 imperio
692 2011 915 2088 mancipatum,
937 2029 1011 2072 san·

55 2108 98 2166 eta
116 2106 334 2184 episcoporum
362 2104 435 2164 iura
455 2108 635 2178 coarctata,
655 2109 797 2183 pastores
818 2099 941 2166 sedibus
962 2107 1014 2166 de·

56 2197 1014 2274 turbatos,supremamqueRomaniPontificisiurisdietionem,

52 2297 205 2371 tamqnam
227 2292 438 2370 peregrinam,
455 2310 472 2350 e
493 2291 607 2352 Galliis
626 2292 821 2354 eliminatam
838 2294 907 2371 ipsa
934 2312 1015 2355 nuuc
1072 2372 1075 2376 ἵ

50 2405 66 2446 e
84 2389 170 2448 eaelo
187 2385 372 2462 despiciens,
388 2389 509 2446 tantam
535 2385 772 2446 Ecclesiastieae
786 2386 833 2446 rei
849 2388 1016 2464 perturba-

51 2481 163 2541 tionem
187 2480 392 2539 vehementer
407 2465 549 2540 av'crsan
565 2479 704 2551 videtur,
720 2497 756 2538 ao
770 2479 929 2556 proposito
944 2497 1017 2542 sua-

51 2590 117 2633 rum
137 2573 297 2634 virtutum
322 2572 488 2649 exemplo,
515 2577 660 2633 errantes
687 2573 794 2645 eines,
818 2576 854 2632 nt
874 2571 906 2631 in
928 2572 1015 2634 viam

51 2669 175 2726 tandem
196 2666 341 2739 redeant,
357 2681 564 2726 commonere.

106 2758 190 2820 Huic
205 2757 307 2834 igitur
328 2756 454 2834 publica
467 2747 672 2818 veneratione
686 2756 825 2831 tributa,
841 2775 969 2838 sperare
982 2757 1016 2816 in

51 2853 176 2912 Domino
191 2850 238 2910 ias
251 2853 312 2922 est,
328 2853 365 2909 ut
378 2849 464 2909 Galli
480 2852 518 2933 ad
537 2867 606 2908 eam
622 2850 801 2925 colendam,
817 2849 1016 2927 virtutesque

51 2944 145 3023 ipsius
155 2945 326 3006 imitandas
338 2943 482 3018 excitati,
496 2943 634 3004 fructum
647 2945 838 3005 uberrimum
850 2943 1017 3004 eharitatis

51 3039 114 3100 eius
134 3041 169 3099 in
192 3037 343 3116 petriam,
359 3037 530 3114 impetrata
544 3037 709 3117 religionis
730 3037 932 3116 integritate,
948 3055 1022 3115 per<

51 3132 183 3211 cipiant.

105 3227 174 3286 Hac
195 3243 250 3302 apo
264 3223 366 3285 iretns
384 3225 460 3285 Pius
475 3226 569 3285 Pont.
587 3227 673 3286 Max.
691 3244 759 3284 cum
774 3225 835 3285 iam
855 3225 934 3285 Van.
951 3224 1018 3285 Ma·

51 3322 114 3382 riae
129 3320 269 3380 virtutes
284 3318 391 3378 idibus
413 3317 555 3378 Octobris
573 3320 658 3376 anni
678 3315 918 3377 MDGGLXXX
922 3316 1015 3389 VIII,

50 3415 191 3475 heroicas
211 3411 378 3484 edixisset,
391 3414 459 3471 tum
479 3412 538 3470 hoo
555 3429 637 3470 anno
658 3413 713 3472 IV.
730 3411 804 3470 idus
823 3411 934 3488 April.
951 3411 1016 3471 tria

51 3507 215 3579 miracula,
230 3522 309 3582 quae
330 3503 532 3565 sanctitatem
546 3503 613 3564 eins
634 3503 896 3579 illustraverant,
907 3521 1018 3582 appro-
