2364 4198
601 241 778 302 -25o-

376 515 548 560 GABlSfflssS
569 517 603 559 m
624 518 755 562 cumlsro
776 518 869 562 rmus
887 519 1023 564 nosram

255 649 459 710 LUDOVIGO
480 651 711 738 sTnNISLso
725 651 868 712 OOMITI
887 653 1134 714 PROVINCIAE

675 801 716 842 mr

312 924 475 984 unisono
496 923 689 985 PHILIPPO
709 925 851 986 coniri
873 927 1082 988 usrssuns

423 1087 457 1164 P
475 1088 492 1164 Ι
510 1088 550 1168 U
569 1089 595 1166 S
649 1087 683 1164 P
702 1089 737 1165 A
754 1090 842 1166 ΡΑ
896 1091 970 1168 VI.

261 1284 490 1346 Dllootleslml
509 1285 547 1342 in
569 1285 706 1344 christo
727 1286 814 1344 Filii
832 1289 967 1359 Nostri,
988 1289 1134 1349 salutem

389 1382 425 1436 et
444 1379 681 1448 apostolicam
707 1381 1007 1441 Benedictionem.

275 1522 496 1630 Gratissimum
517 1570 616 1630 rionis
635 1569 768 1644 fecistis,
784 1569 985 1630 dilectissimi
1007 1571 1043 1630 in
1057 1573 1159 1634 ouusu

215 1663 275 1724 mii
296 1663 428 1736 Nostri,
450 1664 529 1739 quod
552 1665 589 1722 ad
610 1664 675 1724 Nos
689 1663 832 1740 exempla
853 1663 913 1722 duo
939 1664 1097 1724 miseritis
1115 1663 1161 1739 epl-

217 1758 315 1819 stolae
337 1757 424 1835 typis
444 1756 558 1830 editae,
580 1774 672 1833 quam
694 1758 732 1816 ad
755 1755 1062 1818 christianissimum
1080 1773 1161 1834 regen

216 1869 400 1930 germanum
422 1849 554 1911 fratrem
576 1854 719 1910 vestrum
740 1850 923 1927 scripsistis,
940 1869 997 1910 nee
1015 1871 1077 1912 non
1092 1850 1163 1911 etul-

216 1945 317 2006 terius
338 1943 415 2002 item
437 1940 590 2018 epistolae
612 1941 643 1999 in
666 1943 796 2000 eandem
815 1945 1006 2003 sententiam
1032 1964 1053 2005 a
1072 1944 1164 2004 Boubo-

216 2037 296 2098 uicis
317 2035 509 2112 principibus
540 2036 579 2094 ad
609 2035 739 2094 eundem
769 2035 984 2096 transmissae.
1011 2039 1163 2111 Utramque

217 2129 461 2208 diligentissime
483 2128 691 2204 perlegimus,
713 2144 750 2188 ac
773 2128 890 2188 merito
918 2128 1162 2198 collaudavimus,

216 2226 383 2303 praecipue
404 2241 481 2283 vero
495 2239 552 2299 peu·
573 2221 706 2298 primam
728 2221 832 2281 animo
855 2227 962 2287 nostro
983 2225 1160 2285 satisfacturi

218 2333 285 2377 esso
305 2317 513 2394 profitemur,
535 2316 617 2391 quod
638 2315 766 2373 eandem
788 2318 823 2374 et
843 2315 1108 2391 gravissimarum
1129 2331 1156 2374 ιι

218 2410 339 2471 tionum
361 2409 553 2482 momentis,
576 2412 610 2470 et
630 2407 752 2469 dicendi
774 2408 808 2469 ri
829 2409 966 2468 maxime
988 2411 1156 2487 pollerem

218 2520 445 2582 gnosceremus.
468 2502 529 2563 Sed
551 2502 603 2561 vel
625 2519 663 2561 eo
683 2500 783 2578 magis
803 2502 954 2576 dolemus,
977 2506 1063 2580 quod
1086 2505 1161 2580 ipsiu

218 2615 300 2656 nuuc
321 2595 428 2656 fructu
449 2611 558 2655 carere
580 2613 635 2654 suo
657 2594 835 2668 videamus3
858 2595 1011 2673 siquidem
1034 2614 1105 2670 rex,
1119 2590 1162 2654 etsi

218 2689 358 2761 invitus,
381 2690 419 2747 ut
437 2687 529 2748 faoile
550 2689 697 2760 constat,
718 2685 861 2764 pertrahi
882 2691 987 2747 tamen
1010 2705 1117 2766 passus
1134 2684 1164 2742 sit

219 2782 257 2842 ad
279 2784 382 2844 ratam
414 2797 468 2840 suo
500 2796 628 2840 assensu
653 2778 848 2853 faciendam,
877 2781 1164 2854 confirmandumque

219 2875 478 2938 constitutionem
501 2872 559 2933 sibi
580 2872 696 2933 idcirco
711 2890 730 2931 a
744 2873 897 2934 nationali
918 2873 1083 2935 Conventu
1096 2869 1165 2931 obla

218 2974 303 3031 tam:
319 2987 398 3047 quae
413 2968 535 3046 quidem
556 2967 624 3027 eius
645 2967 765 3027 sanctio
783 2969 987 3028 vehementer
1000 2968 1098 3030 Nobis
1118 2963 1166 3023 dis·

218 3063 335 3141 plicare
356 3061 476 3135 debuit,
490 3061 570 3137 quud
592 3061 700 3120 eadem
721 3079 780 3119 uon
796 3061 900 3120 miuus
913 3060 1076 3138 religioni,
1088 3073 1165 3135 quauu

218 3157 328 3234 regiae
349 3154 535 3217 auctoritati
556 3155 753 3214 adversetur.
777 3155 926 3214 Attamen
956 3155 995 3214 ob
1023 3153 1165 3214 infelicem

166 3235 169 3240 ¹
219 3250 252 3309 iu
273 3269 333 3327 quo
354 3249 476 3327 positus
497 3252 568 3309 erat
588 3251 730 3320 statum,
751 3248 869 3308 multos
897 3248 954 3308 ille
979 3247 1117 3325 profecto
1135 3242 1178 3318 sd,

220 3343 268 3403 sui
284 3342 588 3403 commiserationem
604 3340 821 3402 commovebit.
834 3344 878 3403 At
892 3342 917 3402 si
932 3339 1060 3402 externi
1073 3331 1164 3414 magui

220 3436 378 3515 principes
390 3436 517 3513 exsequi
528 3439 651 3502 mature
661 3433 893 3508 contenderint,
905 3453 984 3512 quae
997 3434 1164 3496 redacturos
1177 3479 1178 3486 ,

220 3533 259 3592 ad
285 3530 443 3609 publicam
475 3546 585 3610 regum
617 3530 765 3590 tuendam
797 3545 921 3590 eausam
954 3525 1163 3592 declararunt,
