2364 4198
599 171 646 185 „
658 141 719 200 232
740 172 777 184 ..

266 245 420 323 Regulam
434 245 546 324 igitur,
556 265 618 323 qua
632 246 739 306 fideles
753 251 791 306 et
804 248 938 306 maxime
952 250 1105 324 pastores
1120 225 1179 310 hac

205 339 237 398 in
261 358 295 399 ra
310 340 358 401 uti
380 341 506 414 debent,
521 342 601 403 hauc
622 341 762 403 futuram
776 360 842 402 esse
865 341 1077 419 praescripsit
1099 345 1174 402 San·

205 431 383 492 ctissimus:
398 434 570 511 Exsequias
592 433 714 494 scilicet
728 433 947 494 defunctorum
968 435 1173 497 celebrandae

205 543 273 586 essa
293 546 313 587 a
333 527 477 602 parochis
497 527 651 604 legitimis
672 527 713 605 (si
732 528 770 586 ob
797 531 979 604 praesentes
998 529 1173 589 catholico·

206 644 277 686 rum
306 628 470 703 angustias
501 626 598 687 aliter
619 627 689 688 fieri
717 645 778 686 non
806 625 946 704 possit),
970 626 1003 684 iu
1033 629 1173 689 domibus

207 721 342 799 privatis
357 721 449 780 iuxta
462 720 620 782 Ecclesiae
635 722 744 782 ritum.
761 721 817 781 His
832 738 909 780 vero
922 721 1081 797 expletis,
1101 725 1172 783 tole-

206 815 340 876 randum
361 831 438 886 esse,
456 817 492 873 ut
512 813 641 890 parochi
656 814 774 874 intrusi
794 816 949 875 cadavera
969 817 1106 875 adorno
1128 837 1173 876 ex-

206 911 336 984 portant
362 910 395 966 et
416 908 455 965 ad
482 906 654 966 Ecclesiam
676 908 772 966 etiam
792 907 984 967 inhumanda
1012 909 1170 980 deferant

206 1001 254 1061 ita
275 1004 393 1072 tamen,
410 1003 446 1059 ut
466 999 575 1060 fidelos
595 1000 745 1059 catholici
772 1018 827 1058 nec
848 999 942 1060 funus
964 1001 1169 1074 comitentur,

207 1112 264 1154 nec
278 1111 383 1154 sacras
398 1111 505 1170 preces
518 1095 668 1168 recitent,
682 1094 819 1171 aliosque
830 1094 913 1155 ritus
927 1096 1100 1157 Ecclesiae
1114 1117 1167 1157 cuu

208 1187 275 1246 illis
296 1187 457 1247 socialiter
478 1192 587 1265 agant.

267 1280 491 1347 Quaestionum
514 1282 656 1342 examine
678 1282 836 1360 perlecto,
851 1283 1016 1343 Sanctitas
1040 1285 1114 1346 Sua
1128 1305 1160 1344 n·

209 1373 325 1433 tionem
348 1374 457 1448 etiam,
480 1374 528 1433 uti
549 1392 606 1451 par
626 1378 716 1449 erat,
736 1376 846 1436 haberi
868 1377 972 1437 voluit
991 1395 1161 1448 causarum,

208 1467 246 1525 ob
268 1483 343 1541 quas
365 1465 501 1543 episcopi
522 1468 702 1543 postulant,
719 1472 755 1528 ut
776 1470 888 1529 aS'ede
909 1471 1097 1546 apostolica
1118 1491 1165 1532 an-

208 1559 372 1637 plioribns‚
389 1578 480 1637 quam
500 1560 559 1620 illa
580 1563 610 1620 in
633 1579 685 1620 eos
706 1563 799 1636 solet,
814 1561 1022 1623 instruantur
1043 1561 1179 1632 facultal

208 1655 305 1727 tibus,
321 1671 400 1731 quaa
414 1653 488 1714 huic
502 1657 678 1731 temporum
693 1655 1088 1717 acerbitati-conveniant.
1107 1663 1179 1719 itm-2

107 1792 108 1796 ,
207 1748 455 1826 plioribusenim
477 1747 625 1808 instructi
641 1748 839 1826 dispensandi
859 1749 1087 1824 facultatibus,
1105 1751 1170 1812 faci-

207 1843 271 1904 lius
292 1844 382 1904 aiunt
404 1862 435 1903 se
464 1860 553 1919 posse
575 1843 737 1915 obtinere,
763 1863 800 1904 ue
822 1845 929 1904 fideles
950 1847 989 1905 ad
1014 1846 1169 1924 episcopos

209 1937 352 1998 intrusos
374 1937 582 2030 confugiant,
603 1938 658 2015 qui
687 1940 726 1998 ad
748 1939 883 2000 schisma
903 1941 1115 2016 augendum,
1135 1941 1169 1999 al-

207 2032 420 2109 lioiondosque
441 2031 624 2105 catholicos,
641 2032 763 2092 nullum
778 2049 907 2094 servare
922 2033 1029 2092 solent
1049 2038 1166 2094 modun

208 2127 242 2184 in
273 2126 557 2202 dispensationibus
584 2126 786 2203 elargiendis.
810 2127 966 2204 Cognovit
994 2145 1076 2188 sane
1099 2113 1179 2187 iden³

210 2219 444 2292 Sanctissimus,
459 2237 551 2295 quam
572 2237 671 2295 aequa
685 2222 768 2278 esset
788 2238 825 2280 ea
839 2219 1034 2279 Antistitum
1049 2221 1159 2298 petitio.

209 2314 302 2375 Sicut
322 2317 420 2386 enim,
444 2313 549 2373 aiente
570 2313 603 2372 S.
620 2315 724 2372 Leone
738 2314 781 2372 M.
797 2312 830 2370 in
851 2313 988 2390 epistola
1010 2315 1051 2373 ad
1068 2311 1157 2376 Rust-

209 2425 280 2466 cnm
296 2407 542 2479 Narbonensem,
558 2408 719 2484 quaedam
734 2415 811 2465 suut
831 2423 916 2483 quac
930 2409 1029 2466 nulla
1039 2413 1160 2484 possunt

208 2503 338 2561 ratione
359 2502 497 2561 convelli
518 2497 705 2576 (cuiusmodi
720 2503 769 2560 est
789 2498 1086 2559 communicationis
1108 2517 1164 2576 pro·

208 2593 322 2654 hibitio
344 2581 413 2652 cum
435 2594 567 2652 intrusis
590 2593 622 2652 in
644 2593 711 2652 illis
732 2609 810 2669 quae
832 2595 926 2651 antea
946 2591 1054 2668 posita
1075 2595 1163 2665 sunt),

208 2689 259 2746 ita
279 2690 385 2746 multa
398 2694 486 2758 sunt,
502 2704 586 2764 quac
603 2703 663 2762 pro
677 2687 866 2745 necessitate
880 2692 1062 2761 temporum
1083 2703 1163 2760 opor·

208 2789 277 2840 teat
298 2790 475 2858 temperare
483 2802 496 2853 ;
516 2785 610 2857 atque
632 2778 809 2838 huiusmodi
837 2782 912 2836 sunt
941 2777 1066 2853 priores
1087 2779 1163 2838 latae

118 2907 122 2915 -
207 2875 305 2952 leges,
321 2875 471 2952 aquibus
493 2875 691 2950 dispensandi
713 2873 847 2933 facultas
867 2871 1001 2948 petitur.
1023 2872 1164 2932 Faculta-

209 2972 258 3029 tes
278 2969 380 3046 igitur
400 2969 496 3028 etiam
518 2968 583 3028 illis
605 2967 786 3044 ampliores,
809 2983 886 3042 quae
908 2965 993 3024 Gall.
1018 2965 1164 3042 episcopis

208 3063 335 3121 concedi
356 3064 469 3134 solent,
492 3061 627 3140 singulis
647 3059 799 3138 episcopis
822 3058 1001 3136 petentibus
1023 3057 1164 3116 libentis-

129 3167 133 3174 ·
209 3155 286 3215 sime
301 3174 333 3214 se
349 3157 496 3215 daturum
514 3155 598 3215 dixit
618 3154 699 3214 idern
715 3151 954 3221 sanctissimus,
969 3155 1163 3227 posteaquam

209 3248 384 3324 peculiares
405 3265 513 3309 eorum
536 3265 642 3325 proces
664 3245 877 3324 perpenderit.

270 3344 383 3402 Datum
407 3345 524 3402 Romae
546 3342 578 3400 in
600 3341 729 3402 aedibus
748 3339 870 3406 Quirin.
900 3339 959 3398 hac
980 3337 1029 3396 die
1047 3335 1161 3394 XXVI.

210 3437 403 3513 Septembris
417 3437 604 3517 MDGGXGI.
729 3434 768 3492 F.
779 3433 820 3492 Χ.
834 3430 932 3492 Garat.
945 3429 1127 3492 delenda.
