2386 4194
16 334 140 407 Domini,
163 333 374 412 perciperautq
390 332 522 410 ideoque
537 330 687 394 Ecclesiis
704 347 809 390 unum
822 345 973 389 manswm

17 427 200 488 destinatum
222 427 319 488 fuisse
338 427 531 504 reperimus,
554 428 591 487 ut
611 426 733 503 legitur
755 426 786 484 in
808 422 970 500 Capitulu-

17 519 94 579 ribus
118 524 152 580 et
176 520 284 581 Oaroli
310 521 418 599 Magni
446 519 517 601 (1),
546 523 579 581 et
603 519 702 598 Regis
731 518 880 580 Lotbarii
908 515 971 598 (2):

16 613 208 688 «Volumus,
231 617 268 675 ut
287 615 457 676 secuudum
475 613 644 674 iussionem
662 613 798 686 Domini,
821 629 857 672 ac
878 612 974 673 Geni-

15 705 121 766 »toris
138 705 265 782 Nostri,
288 699 368 768 unus
389 723 517 768 mansus
538 721 607 766 cum
629 706 790 766 duodecim
813 706 974 767 bunuariis

16 805 75 862 »dc
98 805 189 863 tarra
210 799 324 861 arabili
345 798 390 860 ibi
412 801 552 860 detur.»
573 801 615 859 Et
635 815 705 858 cum
723 797 901 876 assignatae
915 799 976 860 ali-

19 897 118 971 quibus
147 892 393 970 Episccputuum
424 893 538 952 mensis
567 909 628 952 nou
658 891 835 952 sufficerent
863 894 971 966 dotes,

20 989 206 1065 augebuntur
227 985 443 1048 Abbatialium
465 985 633 1046 fundorum
654 983 781 1059 unione,
798 989 834 1046 ut
847 985 973 1063 saepius

19 1081 38 1140 in
60 1081 190 1154 Gallia,
217 1100 252 1142 ac
275 1081 386 1142 Nostri
412 1081 510 1141 etiam
532 1079 740 1142 pontificatus
760 1083 902 1158 tempore
924 1081 973 1140 ia·

17 1177 92 1234 ctum
113 1192 180 1234 esse
201 1175 415 1236 recordamur.
438 1176 529 1235 Nunc
550 1191 640 1247 vero,
661 1191 723 1250 quo
745 1171 848 1233 vitam
873 1173 972 1250 ipsam

15 1268 150 1346 Episcopi
179 1270 351 1341 tueantur,
373 1267 438 1329 erit
461 1268 495 1326 in
520 1270 679 1344 potestate
699 1267 892 1341 Laicorum,
919 1267 973 1344 qui

16 1360 129 1422 aerario
156 1366 325 1437 praesunt,
347 1362 463 1440 quique
485 1379 537 1422 eos
558 1379 615 1422 sua
631 1362 693 1442 p'lla
712 1365 855 1422 mercede
883 1361 972 1422 frau-

18 1456 83 1514 dare
107 1454 255 1530 valcant,
277 1457 305 1516 si
326 1456 504 1533 perversis,
530 1471 608 1533 quae
630 1457 892 1530 memoravimus,
915 1459 973 1518 De·

23 1549 106 1608 cretis
132 1549 354 1611 adversentur.
386 1552 455 1611 Huc
482 1549 622 1620 accedit,
647 1553 681 1608 ut
709 1551 799 1609 certa
822 1549 973 1626 pecuniae

26 1645 102 1716 parte
123 1645 236 1720 cuique
257 1644 409 1720 Episcopo
429 1643 609 1722 assignate,
633 1660 725 1701 nemo
745 1660 785 1702 ex
806 1642 882 1719 ipsis
907 1659 974 1701 um·

25 1753 102 1810 quam
123 1736 261 1813 amplius
288 1736 429 1813 poterit,
459 1753 527 1795 cum
558 1735 726 1796 necessitas
754 1735 884 1812 adiget,
914 1735 973 1796 sibi

20 1828 246 1908 suffraganeum
273 1847 325 1889 seu
349 1829 571 1891 Ouadiutcrem
600 1829 793 1904 adsciscere,
822 1829 973 1906 siquidem

19 1924 51 1995 ci,
66 1926 144 2000 quod
168 1925 206 1982 ad
230 1923 329 1984 vitam
352 1923 611 2001 dignitatemque
625 1925 773 2004 tuendam
794 1923 971 1997 conveniat,

20 2035 51 2074 cx
64 2017 223 2077 Ecclesiae
244 2017 399 2076 fructibus
421 2017 624 2094 suppeditare
646 2015 860 2108 nbp’valebit.
874 2019 972 2085 Quam

24 2116 94 2170 carte
115 2109 339 2171 necessitatem
356 2129 416 2170 nou
432 2129 506 2172 raro
526 2111 712 2189 contingere
726 2112 763 2186 ila
775 2113 973 2174 Dioeoesibus

20 2205 153 2264 novimus
174 2205 226 2265 vel
249 2205 288 2265 ob
309 2207 492 2282 provectam
514 2204 659 2283 Episcopi
679 2211 835 2280 aetatem,
858 2208 911 2267 vel
933 2210 973 2268 ob

18 2297 87 2356 male
108 2298 253 2358 affectam
269 2299 337 2358 eins
351 2295 579 2372 valetudinem,
596 2303 632 2358 ut
645 2299 771 2375 quidam
785 2301 974 2378 Lugdunen-

16 2388 53 2446 sis
72 2391 335 2468 Arcbicpiscopus
359 2392 397 2450 ob
418 2391 573 2450 eiusmodi
596 2409 721 2452 causam
744 2396 777 2452 at
797 2395 935 2470 petierat
956 2415 975 2456 a

16 2483 174 2557 Pontifice,
189 2487 222 2544 et
236 2483 420 2545 obtinuerat
434 2483 687 2562 Suffraganeum‚
700 2488 860 2564 assignata
874 2489 974 2550 eidem

19 2592 147 2653 congrua
171 2594 212 2636 ex
236 2577 514 2654 archiepiscopalis
539 2595 664 2638 mensae
689 2581 894 2656 proventibus
915 2583 973 2658 (3).

69 2671 146 2729 Gom
157 2669 222 2730 iam
234 2669 421 2744 viderimus,
435 2670 551 2730 Dilecti
561 2670 639 2732 Filii
652 2672 776 2746 Nostri,
788 2676 821 2732 at
835 2675 972 2734 Venera-

18 2760 88 2821 bilss
98 2765 244 2838 Fratres,
254 2764 407 2841 valdeque
421 2765 530 2824 mirati
542 2765 639 2826 simus
652 2767 810 2826 decretam
821 2765 894 2826 istic
905 2785 973 2827 esse

16 2856 248 2933 praecipuorum
256 2857 446 2934 Discipliuae
458 2857 905 2920 ecclesiasticaearticulorum
915 2860 974 2920 im-

18 2950 229 3026 mutationem,
239 2950 786 3029 suppressionisnempe,divisionis,
796 2957 830 3014 et
839 2955 974 3014 erectio-

20 3037 65 3096 nis
78 3041 305 3120 Episcopalium
321 3043 460 3116 sedium,
477 3061 533 3104 nec
549 3063 610 3104 non
625 3046 795 3124 sacrilegae
810 3044 975 3126 Episcopo-

14 3148 85 3191 rum
108 3136 282 3210 electionis,
311 3155 449 3216 quaeque
471 3155 511 3226 ex
537 3137 576 3198 iis
597 3139 710 3201 damna
730 3144 971 3218 consequantur,

14 3375 63 3422 Bal
78 3303 111 3356 (l)
129 3304 266 3364 capitular.
284 3317 326 3354 an.
338 3306 393 3364 789,
411 3319 466 3364 cap.
477 3306 532 3363 XV,
550 3308 610 3352 tom.
624 3307 645 3363 1,
664 3318 722 3364 pag.
735 3307 790 3364 253,
808 3305 869 3354 edit.
890 3311 972 3358 Paris.

62 3388 105 3422 uu.

81 3453 115 3505 (2)
131 3455 178 3520 Eit.
190 3458 233 3514 IV,
246 3469 301 3516 cap.
314 3459 335 3514 1,
347 3458 408 3504 tom.
421 3460 456 3515 H,
468 3471 526 3517 pag.
538 3457 593 3516 eat,
605 3456 686 3505 eiusd.
699 3456 760 3504 edit.

83 3525 116 3579 e>
132 3529 277 3580 Benedictus
285 3534 345 3580 XIV
356 3531 387 3579 de
398 3531 492 3590 synod.
504 3533 583 3579 dioec.
595 3532 640 3579 lib.
651 3535 723 3592 XIII,
736 3539 791 3592 cap.
803 3536 848 3590 XI,
858 3537 970 3583 numdi.
