2456 4192
31 309 61 366 de
78 307 227 368 iioeieeioe
249 307 344 380 mels,
360 306 471 384 quibus
489 307 669 386 affligimur.
686 308 722 368 In
736 307 870 367 eundem
883 305 977 366 finem

30 403 192 460 vestrorum
220 399 400 460 orationum
428 399 624 478 postulamus
649 397 862 478 praesidium,
885 403 980 476 etque

28 492 109 551 Nobis
119 510 180 552 non
194 491 378 553 defuturum
390 509 563 569 speramus:
576 492 706 554 interim
721 497 874 565 anetem,
887 508 981 568 qnsm

29 586 124 662 geritis
145 585 367 658 voluntatem,
388 603 517 648 munere
538 585 769 648 eommunimus
789 583 980 663 apostolieae

29 679 249 751 benedictionis,
272 697 364 756 quam
386 680 488 753 vobis,
503 679 639 742 dileetse
659 680 692 741 in
714 677 979 752 christonius,

33 771 208 849 olumnisque
220 771 338 832 vestris
347 771 489 850 impense
499 772 670 846 eheritute,
679 774 774 850 etque
784 769 898 832 intimo
907 787 980 832 oor-

35 869 67 929 dis
82 869 194 930 effectu
216 870 431 930 amantissime
452 869 664 950 impertimur.

76 967 184 1025 Datum
197 966 315 1026 Romae
329 967 409 1043 apud
425 965 458 1026 S.
472 967 603 1026 Petrum
613 967 699 1028 XVI.
707 965 829 1027 celeno
844 961 978 1025 Montius

33 1056 201 1130 MDCOXGI,
217 1057 426 1119 Pontificatus
440 1057 553 1120 Nostri
567 1077 648 1122 enno
661 1061 749 1121 XVI.

366 1217 368 1222 ,
513 1148 667 1212 Callistus
688 1151 858 1212 Morimene

439 1260 460 1304 o
480 1243 614 1306 Latinis
634 1244 791 1324 Epistols's
811 1241 916 1304 SSms‘.

446 1441 555 1500 ΠΧ.

307 1561 437 1608 nnunono
457 1563 539 1606 nunno
559 1561 685 1606 uosrneo

70 1694 271 1758 STEPHANO
295 1699 458 1760 GAROLO
483 1698 515 1758 S.
539 1699 578 1758 R.
602 1698 640 1758 Ε.
663 1694 938 1757 PRESBYTERO

122 1790 347 1856 GARDINALI
360 1793 412 1852 DE
426 1791 612 1854 LOMENIE
626 1791 679 1852 DE
693 1788 875 1850 BRIENNE

265 1939 515 2018 Aretiepisoopo
540 1939 722 2002 Senonems'

191 2100 392 2183 PIUS
451 2101 669 2180 PAPA
723 2100 790 2180 VI.

59 2289 186 2348 Diieote
207 2289 278 2349 Fili
295 2291 444 2380 noster,
466 2291 619 2350 sulutem
641 2294 676 2350 et
696 2243 935 2360 Apostolioem

345 2389 640 2450 Benedictionem.

75 2547 200 2608 Priores
222 2548 369 2610 Litterae
390 2552 476 2610 Tuae
497 2569 516 2612 s
538 2552 582 2610 Te
604 2551 696 2611 dstue
717 2550 788 2612 VII.
812 2549 879 2612 (iul.
900 2549 973 2612 Deo.

34 2638 61 2694 od
80 2642 140 2702 Nos
166 2660 203 2703 eo
228 2648 442 2721 pervenerunt
466 2648 626 2722 tempore,
652 2661 711 2722 qno
736 2642 976 2704 revolvebsmue

29 2734 217 2810 conplurium
226 2737 349 2798 Galliae
357 2737 580 2816 Episcoporum
593 2755 699 2800 sensus
712 2735 871 2814 expositos
881 2751 976 2812 super

26 2824 142 2888 Deoreto
156 2831 337 2892 Conventus
356 2831 538 2892 Nationalis
559 2830 685 2892 Olenum
708 2831 898 2908 attingente.
913 2828 977 2906 Ipsi

27 2917 160 2994 siqnidem
182 2923 214 2983 in
238 2941 334 2983 unum
354 2924 455 2984 eoeeti
477 2924 515 2984 sd
538 2940 702 2984 numerum
724 2940 820 3002 usque
839 2921 978 3002 triginta·

27 3013 58 3071 ad
77 3015 216 3076 Senetam
242 3018 322 3077 huno
347 3018 459 3078 Sedem
483 3017 714 3096 confugerant,
740 3017 822 3095 quod
847 3017 901 3078 ebs
927 3018 973 3078 Te

26 3123 129 3184 quoque
152 3110 271 3172 suetum
293 3111 368 3184 fuit,
391 3115 551 3189 umquem
572 3113 609 3172 sd
632 3111 832 3189 Magistrum,
855 3112 893 3171 ut
920 3127 977 3189 per

25 3199 111 3274 ipsum
129 3205 378 3278 instruerentur,
393 3206 466 3284 quid
482 3205 543 3266 sibi
557 3205 641 3266 iuoto
657 3223 733 3283 opus
753 3211 848 3279 esset,
865 3207 978 3267 edver-

27 3309 69 3352 sns
85 3298 142 3370 tot,
157 3316 194 3358 eo
208 3303 299 3360 tenta
314 3299 422 3360 civilis
441 3299 609 3377 potestatis
620 3299 793 3361 molimine.
808 3299 976 3362 Neminem

28 3384 98 3444 enim
116 3387 222 3466 ingere
236 3391 363 3468 poterat
377 3407 434 3467 per
448 3389 526 3451 illud
541 3393 709 3454 Decretum
723 3393 874 3453 haetenus
889 3391 977 3452 inter

30 3475 191 3543 Gutholioos
204 3499 331 3560 prorsus
349 3482 538 3560 inauditum,
553 3485 757 3563 emancipari,
773 3488 807 3548 et
820 3484 853 3545 in
875 3484 977 3548 serui·
