2386 4194
25 325 96 384 lenm
114 325 140 384 in
159 325 349 406 Religionem
371 327 526 401 studium,
550 331 646 405 atque
670 329 815 390 ardorem
837 329 939 388 Tuam

23 435 48 477 eo
62 418 141 497 magis
158 419 295 482 excitare
314 426 410 500 atque
431 421 624 482 Inflammara
646 422 755 496 debet,
781 437 841 499 qno
863 437 940 500 gra·

22 511 85 573 niori
102 513 222 593 nndiqne
235 515 392 576 Ecclesiae
414 515 557 593 perionis
568 519 603 578 at
616 517 729 577 demna
743 515 936 594 impendent.

21 605 51 665 In
64 623 105 683 spo
122 607 204 682 freti,
218 608 252 668 ln
267 625 359 686 qnam
372 606 550 671 Pastoralis
563 608 750 688 vigilantiae
765 609 852 670 ‘I'nse
866 625 941 688 por·

20 697 92 757 nesio
108 700 166 761 Nos
184 699 318 776 indnoit‚
334 699 419 774 Tibi,
435 701 515 762 Van.
532 701 661 776 Frater,
677 701 834 780 Gragiqne
850 703 937 763 'I'nas

19 805 82 852 ouras
99 793 279 868 oonoredIto‚
301 793 514 872 Apostolioam
534 793 789 858 Benediotlonem
810 811 851 856 ex
872 795 940 858 anl-

19 897 58 957 no,
69 903 98 946 no
109 893 301 965 peramanter
313 887 527 967 impertimur.

57 977 150 1040 ilntnm
164 983 281 1044 Romae
293 980 374 1059 apud
390 981 423 1042 S.
438 981 571 1042 Petrum
584 982 642 1043 sub
657 981 782 1043 Annulo
794 982 938 1046 Piscato·

22 1067 99 1142 mlle
111 1075 181 1136 XIII
193 1075 317 1153 Aprilis
331 1075 519 1149 linocxol
531 1073 740 1138 Pontlllentus
752 1077 863 1140 Nostri
876 1079 939 1140 An·

21 1177 43 1222 no
56 1165 137 1228 XVII.

544 1261 742 1324 Benediotoo
762 1261 855 1341 stay.

72 1350 169 1414 lolem
190 1353 336 1432 exemplo
356 1353 520 1432 Episoopis

329 1448 520 1521 Adlooensi,
533 1447 725 1528 Seponemn',
736 1449 897 1520 Nebiemi,

404 1539 617 1603 Marionemn‘
629 1550 660 1604 ei
673 1543 819 1604 Aniensi.

388 1729 534 1798 mx.

126 1851 292 1900 massono
324 1851 358 1894 rs
390 1849 522 1896 ossmo
552 1851 635 1898 amno
665 1851 786 1900 noerae

310 1987 608 2050 LUDOVIOO

161 2155 373 2216 Francorum
383 2153 468 2230 Repe·
477 2150 759 2215 christianissimo

205 2321 368 2405 PIUS
414 2321 591 2401 ΡΑΡΑ
632 2323 699 2402 VI.

58 2497 234 2560 oanlsalme
253 2499 292 2558 ln
313 2499 450 2558 christo
471 2499 542 2558 Fili
560 2499 705 2570 unetos,
720 2501 871 2560 selauno

147 2598 184 2656 et
205 2592 445 2663 apostolieum
464 2592 760 2652 Benedtotlonam.

47 2756 109 2819 Onm
124 2759 295 2839 postremis
312 2759 439 2823 Nostris
451 2763 489 2824 ad
505 2761 626 2839 regiam
641 2760 839 2822 Maiestatem
855 2756 941 2822 tunm

14 2839 40 2902 lie
53 2846 83 2909 10
94 2853 203 2914 Martii
220 2852 304 2914 datis
318 2851 439 2914 litteris
453 2853 672 2914 ooniunximns
686 2852 821 2914 alierum
836 2868 942 2916 exem·

14 2933 77 3016 llum,
100 2946 214 3022 quibus
233 2947 272 3005 ad
294 2946 327 3006 S.
345 2949 385 3008 R.
402 2949 438 3007 Ε.
454 2945 646 3007 cardinalem
668 2945 939 3023 Rupefnneldinm,

14 3029 32 3086 sl
44 3036 72 3092 ad
91 3037 368 3117 Archispisoopnm
389 3040 577 3116 Aquensem,
593 3040 730 3118 aliosque
751 3039 943 3118 subscriptos

14 3128 162 3200 noosinoni
177 3149 273 3210 super
293 3131 457 3212 principiis
471 3132 719 3195 ConstitutionIs
735 3133 832 3207 (lieri,
848 3137 942 3211 prout

14 3215 73 3280 tolus
90 3225 241 3304 temporit
254 3226 432 3288 ‘nenessitas
456 3245 475 3287 a
494 3226 593 3288 Nobis
615 3226 807 3304 postulabat,
830 3226 944 3287 reseri-

14 3307 130 3378 ebnmns.
146 3320 252 3392 Nune,
268 3336 338 3380 oum
359 3318 440 3381 alias
462 3320 539 3380 item
553 3319 637 3380 intuo
652 3319 871 3381 transmittere
885 3335 943 3397 pro
1029 3379 1032 3389 ,

14 3408 147 3478 postolioo
165 3413 286 3474 Nostro
307 3430 436 3473 munere
457 3414 653 3488 deberemus,
668 3416 835 3475 earundem
857 3414 944 3492 typis
1035 3475 1040 3481 .

14 3507 47 3556 tm
65 3503 217 3568 editarum
239 3507 420 3585 exemplum
442 3506 566 3586 pariter
586 3506 673 3574 hisee
688 3507 814 3576 Nostris
833 3506 946 3568 inseri·

826 3613 843 3646 t
