2364 4198
624 262 662 276 -
683 233 803 293 276-

293 341 328 400 ln
343 341 434 400 tanta
448 357 555 399 rerum
569 338 726 400 Ecclesiae
742 337 918 417 gallicanae
930 339 1138 412 conversione,
1149 358 1176 399 ac

234 434 266 494 in
289 437 380 500 tanta
400 431 541 492 criminis
561 434 638 493 adeo
658 432 775 510 publici
797 433 971 511 gravitate,
987 432 1176 510 potuissemus

233 530 299 592 Nos
313 527 456 605 equidem
470 528 537 586 iam
550 545 640 588 nanc
653 531 763 588 contra
777 531 976 589 contumaces
994 528 1137 588 devenire
1149 527 1174 587 al

235 621 441 684 comminatas
456 620 787 682 excommunicationis
802 639 928 698 poenas,
944 640 1014 682 cum
1028 623 1120 699 longo
1135 639 1176 680 un·

235 714 334 775 decim
356 713 507 774 mensium
522 716 556 773 et
576 714 710 791 amplius
725 715 898 800 intervallo
912 733 933 775 a
946 717 1083 777 Nostrae
1095 713 1176 772 moni·

234 808 330 870 tionis
346 807 395 868 die
417 807 538 866 nullum
553 806 592 867 ab
607 807 716 866 iisdem
735 808 949 884 poenitentiae
963 809 1089 887 signum
1104 825 1176 884 appa·

234 901 350 963 ruerit.
366 899 475 962 Nihilo
491 902 594 959 tamen
610 899 812 984 minnacnm
827 901 1032 962 monitionem
1047 903 1174 963 Nostram

235 1014 295 1055 non
316 995 440 1054 inanem
461 993 540 1069 apud
563 993 678 1053 multos
699 993 794 1054 fnisse
812 993 989 1054 videremus
1004 998 1099 1072 atque
1113 995 1175 1052 cete·

233 1107 340 1150 rorum
355 1086 551 1164 aliquantum
565 1088 803 1163 exspectandam
819 1087 970 1147 eiusmodi
985 1087 1172 1149 imitationem

183 1169 185 1174 ’
235 1185 429 1253 duceremus,
445 1182 478 1238 et
497 1195 567 1237 cum
589 1183 755 1256 praeterea
768 1180 1039 1240 consideraremus
1055 1193 1171 1257 magnan

232 1276 289 1338 Dei
311 1271 597 1350 longanimitatem,
613 1271 666 1350 qui
687 1277 867 1349 peccatores
882 1272 1022 1333 sustinet
1044 1273 1078 1332 ia
1099 1271 1169 1332 mults

233 1366 402 1446 patientia,
418 1382 474 1424 nec
488 1365 560 1424 vult
573 1382 626 1424 eos
648 1365 766 1442 perire,
782 1364 833 1424 sed
847 1366 884 1424 ad
900 1361 1165 1442 poenitentiannl

235 1462 325 1535 duci,
340 1459 448 1521 andito
469 1459 558 1536 prins
577 1459 708 1520 consilio
730 1460 864 1520 selectae
886 1460 1118 1520 venerabilium
1132 1457 1166 1515 ln

235 1559 321 1616 trnm
342 1555 531 1615 Nostrorum
553 1553 585 1613 S.
604 1555 643 1612 R.
660 1554 697 1612 n.
713 1551 929 1614 Cardinalium
943 1547 1168 1630 congregationis

235 1664 340 1708 coram
360 1644 457 1706 Nobis
478 1643 604 1704 habitae
625 1644 676 1704 die
698 1646 737 1706 19
757 1643 896 1706 Ianuarii
918 1643 1014 1705 huius
1037 1646 1123 1717 anni,
1136 1645 1170 1702 be·

234 1740 328 1818 nigne
356 1739 456 1798 adhuc
477 1738 631 1814 agendum
658 1738 756 1800 Nobis
778 1756 844 1798 esse
865 1757 934 1798 cum
963 1737 1170 1801 contumacibns

235 1833 441 1906 arbitramur,
457 1829 485 1890 si
505 1830 587 1891 forte
602 1849 690 1891 snum
707 1831 738 1889 in
759 1849 814 1891 cor
835 1833 978 1905 redeant,
996 1851 1034 1892 ao
1050 1835 1087 1893 ad
1100 1835 1176 1906 Denn

234 1929 475 1988 convertantur.
489 1924 635 1985 Nondum
655 1926 737 1984 enim
758 1931 920 2010 paternam
941 1927 1102 1986 exsuimns
1119 1937 1170 1998 erga

234 2021 317 2099 ipsos
332 2017 590 2091 misericordiam
603 2021 636 2078 et
649 2020 905 2095 quemadmodum
919 2023 1045 2082 mulier
1056 2015 1170 2080 oblivisci

234 2131 303 2174 aon
320 2120 426 2189 potest
446 2112 612 2188 infantem
631 2128 743 2183 saum,
765 2119 803 2170 ut
823 2129 892 2171 noa
910 2114 1107 2174 misereatur
1122 2107 1167 2188 filio

233 2207 321 2265 uteri
340 2206 393 2263 sai
407 2203 464 2282 (l),
480 2203 527 2265 ita
540 2205 574 2262 S.
590 2205 630 2264 R.
646 2205 683 2264 Ε.
700 2221 770 2263 suos
791 2203 884 2276 filios,
900 2203 975 2264 licet
998 2205 1165 2281 inobsequen-

234 2300 284 2357 tes
305 2315 340 2356 ac
361 2295 551 2372 pervicaces,
567 2296 712 2356 oblivisci
733 2315 793 2355 non
815 2301 931 2374 potest,
947 2297 1001 2357 sed
1025 2291 1157 2376 pietati

234 2389 307 2449 illos
327 2388 445 2465 potins,
460 2406 552 2466 quam
572 2387 736 2450 iracundia
756 2393 968 2466 permovetur.
991 2392 1156 2458 Quamobnn

235 2499 294 2544 non
317 2483 384 2542 sine
403 2481 494 2559 gravi
515 2483 593 2542 fletu
613 2500 649 2543 ac
670 2482 790 2560 gemitu
807 2484 871 2544 Nos
892 2483 1055 2544 viscerum
1072 2487 1161 2546 Natu

235 2594 305 2637 rum
316 2574 501 2635 divisionem
512 2574 672 2648 timentes,
681 2576 720 2635 ab
732 2575 1067 2638 excommunicationis
1077 2579 1164 2638 sentes

235 2669 283 2730 tia
297 2665 425 2729 ferenda
438 2668 529 2728 modo
543 2668 754 2741 abstinemus,
770 2669 891 2730 diutins
906 2670 1004 2730 etiam
1018 2667 1173 2731 differens

235 2761 401 2834 ultionem,
418 2765 453 2821 ut
472 2761 576 2821 locum
597 2761 711 2822 habere
732 2761 830 2838 possit
851 2763 1020 2836 correctio,
1037 2765 1121 2824 firma
1135 2763 1166 2818 u·

234 2873 305 2915 men
326 2856 472 2914 manente
493 2858 711 2931 suspensionis
733 2873 832 2931 poena
845 2854 965 2918 inflicta
987 2875 1045 2934 per
1064 2857 1172 2918 Nosne

235 2948 362 3008 litteras
383 2945 445 3009 diei
469 2948 507 3007 13
521 2947 653 3024 Aprilis.

295 3044 494 3118 Quapropter
514 3041 684 3102 statuimus
706 3060 819 3102 novam
840 3044 938 3118 hanc,
962 3047 996 3104 et
1011 3047 1143 3122 perempt

236 3139 324 3196 riam
345 3134 549 3196 monitionem
569 3135 695 3210 facere,
718 3137 876 3197 secundae
896 3141 929 3198 et
949 3141 1068 3199 tertiae
1092 3153 1137 3209 aeq

235 3229 414 3304 valentem,
433 3248 493 3308 qua
514 3231 692 3306 recaptant
712 3230 780 3290 dies
799 3249 819 3291 a
839 3230 910 3306 die,
935 3249 996 3309 quo
1014 3244 1132 3309 praesen

235 3323 295 3383 hae
316 3323 447 3384 litterae
468 3325 560 3384 datae
582 3328 667 3399 sunt,
690 3326 898 3386 numerandos
914 3343 976 3404 pro
997 3323 1134 3391 secunda,

301 3528 336 3580 (1)
351 3525 435 3574 Isalae
450 3527 644 3587 cap.XL1X.v.
656 3527 695 3575 15.
