2500 4206
443 203 620 263 -369-

45 313 74 368 et
96 309 227 369 illaesas
255 326 441 370 conservare
463 327 618 369 conemur.
644 311 794 383 Utinam,
821 313 1012 375 venerabilis

44 404 158 474 irater,
173 403 206 460 in
229 420 266 462 ea
282 421 340 461 non
356 403 571 463 incidissemus
586 408 740 480 tempore,
757 406 788 465 in
804 406 915 483 quibus
931 408 1013 467 eius-

43 497 127 554 modi
150 498 349 572 grassantur,
371 499 408 555 ut
430 497 524 569 nosti,
549 497 730 569 novitates,
752 517 831 575 quae
852 499 924 561 iure
944 500 1011 560 fere

45 590 150 650 omnia
170 589 372 666 perturbant;
389 589 528 666 nihilque
550 592 616 648 tam
637 608 790 667 aequum,
806 593 1010 668 venerabile,

44 707 76 746 ac
98 671 334 748 sacrosanctum
368 688 426 760 sit,
448 691 527 765 quod
550 707 609 746 uon
645 689 681 747 de
704 707 758 747 suo
780 695 865 751 statu
888 693 1013 752 convel-

45 781 145 840 latur.
162 783 207 840 De
221 780 270 839 his
285 780 425 840 omnibus
439 781 578 857 quotidie
600 781 751 854 dolemus,
766 782 1010 859 ingemiscimus,

44 876 139 933 acad
169 876 267 933 Deum
297 890 404 950 preces
435 874 641 951 lacrimasque
670 880 795 935 nostras
823 877 1011 953 profundere

45 986 99 1026 non
126 968 383 1027 intermittimus.
399 970 447 1028 Ex
469 986 527 1044 quo
549 967 641 1028 facile
663 968 823 1046 percipere
844 974 942 1046 potes,
958 990 1012 1031 ve·

44 1060 198 1120 nerabilis
219 1061 333 1132 frater,
348 1063 538 1138 quantopere
559 1062 623 1119 tuis
646 1079 724 1120 nunc
747 1079 1009 1138 permoveamur,

43 1174 120 1232 ques
143 1153 329 1232 exposuisti,
346 1153 534 1225 rationibus
549 1159 760 1231 quantumque
782 1155 954 1232 cupiamus,
975 1161 1011 1217 ut

43 1253 133 1309 atuo
149 1254 283 1324 tuaeque
304 1246 462 1306 Ecclesiae
483 1246 565 1318 iure,
582 1248 756 1325 splendore,
773 1249 941 1325 dignitate,
958 1269 1012 1311 au-

43 1343 198 1404 ctoritate
221 1341 301 1401 nihil
322 1342 353 1399 in
376 1343 434 1401 hac
456 1344 545 1400 tante
559 1357 665 1399 rerum
687 1343 823 1401 omnium
845 1345 1011 1419 perturba-

43 1444 130 1502 tione
152 1440 251 1517 possit
272 1441 430 1499 decedere.
448 1441 583 1499 Tautum
604 1439 706 1516 igitur
727 1441 837 1514 abest,
860 1446 895 1502 ut
919 1443 1011 1520 quid·

43 1553 136 1612 quam
160 1552 180 1592 a
199 1532 297 1593 Nobis
318 1532 350 1591 in
372 1532 508 1591 eiusdem
531 1531 678 1592 damnum
693 1549 837 1608 umquam
859 1537 1010 1596 conceda-

43 1633 109 1702 tur,
129 1628 166 1686 ut
186 1627 286 1702 quoad
301 1625 332 1682 in
354 1624 451 1685 Nobis
465 1625 541 1696 erit,
557 1625 684 1686 eandem
708 1625 740 1682 in
762 1643 809 1694 ec,
825 1644 884 1701 quo
896 1628 1011 1688 consti·

43 1725 115 1780 tnta
137 1722 199 1791 est,
215 1717 354 1776 retinere
368 1734 403 1776 uc
426 1717 510 1775 tueri
532 1720 638 1788 statu,
655 1717 739 1774 omni
761 1734 818 1792 ope
839 1720 933 1794 atque
954 1739 1010 1780 au·

43 1813 200 1874 ctoritate
222 1812 330 1870 nostra
350 1810 493 1870 conaturi
515 1809 622 1870 simus.
645 1811 733 1869 Hanc
754 1810 951 1870 voluntatem
972 1832 1009 1873 eo
1075 1880 1077 1883 .
1130 1816 1133 1824 '

43 1909 153 1978 etium,
178 1904 205 1964 si
226 1904 297 1963 fieri
318 1907 432 1979 potest,
458 1903 628 1962 firmiorem
649 1903 790 1962 futurem
821 1904 1007 1966 existimare

43 2002 148 2070 debes,
164 1985 246 2073 quod
267 1996 304 2054 de
325 1999 380 2066 te,
406 1995 598 2055 venerabilis
628 1995 749 2066 freter,
772 1994 896 2072 tuisque
918 1996 1010 2058 rebus

43 2092 166 2170 agitur,
181 2105 258 2164 quas
279 2091 436 2163 tamquam
450 2089 584 2148 Nostrae
599 2091 792 2163 reputemus,
810 2081 879 2148 cum
901 2088 1008 2164 singu-

42 2184 126 2245 luria
147 2199 217 2241 esse
236 2179 346 2242 Nostri
374 2179 471 2238 animi
493 2197 570 2256 erga
596 2180 750 2258 teipsum
773 2181 897 2254 studia,
923 2199 1009 2241 sum·

41 2293 188 2353 mamque
206 2273 311 2334 mutui
332 2273 459 2346 amoris,
475 2273 706 2350 officiorumque
721 2275 857 2334 omnium
879 2275 1010 2336 coniun-

41 2374 181 2434 ctionem
203 2367 417 2444 profiteamur.
433 2368 526 2434 Acin
540 2367 640 2427 divini
655 2367 804 2444 praesidii
822 2369 1007 2446 auspicium,

42 2462 247 2544 apostolicam
262 2461 509 2522 benedictionem
524 2461 596 2534 tibi,
609 2463 799 2522 venerabilis
813 2462 927 2532 irater,
941 2463 1009 2523 uni·

41 2558 207 2634 versisque
239 2557 312 2614 tuae
334 2553 406 2614 fidei
437 2554 627 2615 concreditis
656 2555 765 2616 ovibus
793 2556 1007 2616 amentissime

41 2651 279 2729 impertimur„
367 2725 370 2731 .

101 2747 218 2806 Datum
240 2745 356 2804 Romae
375 2744 436 2802 etc.
452 2741 502 2800 die
522 2743 612 2802 XVII
627 2743 699 2802 Iulii
714 2745 886 2818 MDOOXO,
900 2743 1008 2804 Ponti-

39 2842 155 2900 ficatus
173 2837 284 2898 Nostri
305 2853 384 2895 anno
398 2835 484 2896 XVI.
