2374 4196
223 305 376 384 applicari
396 309 546 385 poterunt
573 327 629 387 pro
650 308 812 370 animabus
833 308 865 368 in
887 307 1068 386 purgatorio
1085 304 1153 366 onai·

224 399 393 462 cunutus.

284 495 332 555 Ad
364 511 441 572 qnos
470 495 598 558 effectus
629 497 753 560 fmilius
784 497 1028 575 consequendos,
1053 493 1150 556 Fideles

227 586 390 664 utriusque
411 605 523 662 sexus,
539 592 605 650 mm
624 590 732 663 Laiei,
747 608 841 668 quam
860 590 1060 652 aeclesiastici
1075 614 1112 639 :22⁴
1132 614 1135 631 ,

225 679 310 741 lares
341 681 375 740 et
407 681 582 758 Regularee
610 683 831 762 cuiuscumque
856 684 996 755 ordinis,
1016 697 1153 760 congrega

226 773 342 850 tiemo,
364 778 399 835 et
418 776 565 840 instituti
586 777 706 857 eligere
727 778 787 840 sibi
807 783 961 857 poterunt
981 779 1013 839 iu
1033 776 1152 838 contessa·

225 866 309 928 rium
330 887 553 949 quemeumque
573 873 775 934 Sacerdotem
800 891 840 933 ex
861 872 1151 950 approbatissime

225 961 402 1039 respective
422 963 459 1024 ad
482 963 582 1026 dietas
601 982 768 1042 personas,
791 965 892 1043 iisque
913 961 1153 1026 confessariisan·

141 1051 145 1058 ’
225 1054 311 1132 plam
330 1056 531 1135 impertimur
551 1057 737 1120 facultatem
757 1059 943 1120 absolvendi
963 1076 1022 1136 pro
1041 1073 1097 1116 nna
1109 1053 1164 1142 nica

226 1146 259 1207 in
280 1147 348 1209 foro
369 1150 578 1212 eonscientiae
598 1151 1002 1230 aquaeumquesenteutia
1015 1161 1164 1210 excommun

227 1241 412 1316 nicationis,
429 1245 656 1321 suspensionis,
671 1252 705 1306 et
726 1245 912 1319 interdicti,
931 1245 1064 1322 aliisque
1081 1239 1156 1302 Eccle-

227 1335 363 1398 siasticis
384 1337 569 1411 sententiis,
584 1339 742 1412 censuris,
759 1341 793 1399 et
813 1339 921 1415 poenis
942 1357 962 1400 a
982 1337 1077 1398 sacris
1094 1341 1165 1394 cano

228 1428 318 1490 nibus
345 1432 380 1490 et
399 1430 572 1506 iudicibus,
599 1433 710 1509 quavis
731 1432 891 1494 occasione
919 1433 953 1492 et
981 1447 1073 1492 causa
1089 1427 1154 1488 lans.

228 1539 283 1582 sen
304 1521 452 1596 inflictis;
473 1541 530 1583 nee
552 1541 612 1582 uon
635 1527 669 1584 et
689 1525 728 1585 ab
748 1523 892 1585 omnibus
913 1523 1069 1600 peccatis,
1082 1537 1157 1580 exeas

228 1613 332 1690 sibus,
354 1614 557 1688 criminibus,
579 1621 613 1676 et
640 1615 787 1689 delictis,
807 1619 1087 1693 quantumcumque
1110 1629 1157 1689 gna

228 1706 322 1767 vibus
347 1710 382 1768 et
407 1707 605 1780 enormibus,
629 1708 725 1770 ctiam
745 1709 885 1768 locorum
913 1707 1095 1778 ordinariis,
1113 1705 1156 1762 sin

227 1806 343 1883 Nobis,
366 1812 399 1870 ct
420 1809 494 1868 Sodi
514 1808 712 1885 apostolicae
728 1826 784 1886 per
805 1825 1017 1885 quascumque
1038 1808 1156 1868 Nostro,

228 1905 285 1962 ant
296 1905 508 1965 Romanorum
519 1902 709 1962 Pontificum
722 1902 995 1980 praedecessorum
1006 1902 1156 1962 Nostrorun

227 1995 487 2067 constitutiones,
512 2012 642 2071 quarum
673 1998 799 2056 tenores
827 1993 938 2054 haberi
967 1993 1102 2053 volumus
1120 2003 1157 2063 ΡΝ

230 2089 399 2167 expressis,
414 2088 695 2166 quomodocumque
709 2087 894 2158 reservetis,
910 2088 942 2147 in
956 2086 1025 2147 foro
1039 2082 1169 2158 coemant

230 2183 315 2256 tiae,
330 2185 365 2242 et
376 2183 436 2242 bac
449 2181 517 2242 vice
543 2184 669 2242 tentum
683 2181 848 2242 absolvere
872 2183 907 2240 et
920 2180 1059 2241 liberare
1072 2177 1154 2236 ndat

229 2275 402 2336 reservatis
424 2279 548 2349 tamen,
566 2279 661 2352 atque
682 2275 822 2351 exceptis
843 2273 1022 2336 Haeretieis
1042 2265 1149 2349 dognul-

229 2369 390 2443 aautibns,
414 2373 448 2429 et
474 2369 507 2430 in
536 2370 653 2431 delicto
673 2368 900 2446 complicibus;
924 2368 1061 2445 itemque
1084 2361 1146 2426 ubi

230 2466 307 2525 rob
333 2469 543 2540 quaecumque
571 2461 757 2540 (religionis
785 2465 819 2522 ct
846 2461 1008 2523 castitatis
1034 2451 1152 2534 creabi

231 2555 263 2615 in
284 2555 349 2619 alia
369 2556 439 2633 pia,
462 2559 497 2616 et
517 2555 673 2617 salutmia
694 2573 791 2632 opera
817 2557 1034 2628 commutem
1055 2549 1157 2612 imuneta

231 2653 335 2712 teman
356 2649 421 2724 eis,
445 2653 606 2710 eteorum
627 2649 760 2710 cuilibet
780 2649 813 2708 in
838 2647 1028 2726 supradietis
1055 2640 1159 2706 omnibu

230 2744 353 2806 casibus
366 2744 562 2821 poenitentia
575 2731 728 2817 salutari,
743 2742 877 2820 aliisque
898 2759 956 2821 pro
970 2741 1102 2803 eiusdem
1112 2749 1159 2794 con·

230 2836 355 2899 fossarii
376 2837 544 2915 prudentia
564 2837 775 2915 iniungendis.
790 2837 862 2898 Non
882 2834 1076 2896 intendimus
1087 2833 1161 2894 anan

231 2948 288 3008 per
301 2933 494 3008 praesentes,
506 2929 602 2992 sicuti
612 2932 891 2992 Praedeeessorum
901 2931 1088 2991 Nostrorum
1101 2933 1162 2984 namt

230 3023 264 3084 in
278 3023 492 3102 publicatione
505 3024 640 3086 lubilaei
654 3041 799 3102 umquam
814 3022 969 3094 intendit,
984 3039 1078 3099 super
1088 3016 1164 3091 aliut⁸

231 3117 473 3195 irregularitate
501 3117 644 3195 publica,
674 3117 726 3177 vel
754 3117 896 3189 occulta,
927 3119 1023 3188 nota,
1052 3112 1163 3174 delectu·

232 3210 462 3288 incapacitate,
485 3210 539 3271 vol
560 3211 763 3273 inhabilitate
783 3211 1015 3288 quoquomodo
1036 3203 1165 3268 contum

233 3321 274 3364 ex
287 3303 412 3365 deiectu
426 3305 640 3383 dispensasse,
656 3305 708 3366 rel
722 3299 860 3381 aliquam
877 3302 1063 3364 facultatem
1077 3297 1164 3360 uiuo

234 3412 270 3457 re
292 3397 508 3475 dispensandi,
530 3415 584 3458 seu
605 3396 815 3471 habilitandi,
834 3400 868 3458 et
888 3395 921 3456 in
942 3394 1108 3473 pristinum
1123 3395 1164 3448 ti*

235 3491 304 3551 tum
331 3491 538 3566 restituendi,
560 3491 658 3554 etiam
686 3490 719 3550 in
747 3490 816 3550 ioro
842 3488 1070 3562 conscientiae,
1096 3491 1163 3556 nequ
