2374 4196
620 239 798 299 ..354-

238 349 399 422 videntes,
416 346 529 425 quibus
549 345 643 406 minis
664 345 888 420 subiiciamur,
904 350 1004 410 multo
1017 351 1185 428 flagrantis

239 445 327 505 ribus
347 441 428 521 apud
449 444 546 502 Deum
567 440 687 502 instare
702 441 848 517 precibus
862 443 1067 504 decrevimus.
1081 446 1185 523 Ruspe·

240 541 294 598 crit
314 538 402 598 enim
421 535 507 595 Deae
527 537 566 593 ie
586 536 768 594 orationem
781 535 973 608 amcitiam,
989 546 1020 598 et
1031 555 1097 596 eoa
1111 557 1185 615 apre-

239 634 290 692 oit
305 645 433 707 precem
454 645 564 689 eorem
578 626 634 705 (1).
652 628 776 701 Petite,
793 629 898 703 dixit,
921 639 953 690 et
973 633 1145 708 accipietis,
1160 639 1185 692 ss

240 724 399 803 paediam
419 729 561 782 oestrum
581 723 625 779 sit
635 725 771 797 plenum
785 720 842 800 (2).
858 722 1002 784 Primum
1015 725 1115 802 igitur
1129 743 1185 802 pro

239 817 324 877 xime
346 817 450 894 elapso
470 817 613 894 Augusto
633 833 737 878 mense
759 817 883 894 publice
905 816 1076 880 fundendas
1096 819 1129 878 in
1143 821 1185 878 hu

239 911 307 988 ipsa
318 911 396 970 nrbe
407 909 637 970 obsecrationes
649 909 831 984 indiximus,
842 916 878 971 ut
890 911 1104 973 sanctissimae
1115 927 1185 989 prae

239 1003 351 1065 sertim
379 1001 522 1081 Virginis
549 1002 669 1064 Maniae
697 1003 753 1062 Dei
782 1004 972 1078 Genitricis,
996 1024 1032 1066 ac
1051 1008 1088 1066 B.
1111 1005 1185 1066 Petn'

238 1098 458 1175 Apostolorum
472 1094 630 1174 Principis
643 1096 840 1171 interventu,
852 1098 995 1159 divinam
1009 1100 1042 1159 in
1054 1101 1119 1161 Nos
1130 1117 1185 1158 con·

238 1195 435 1253 verteremus
457 1188 676 1263 clementiam,
699 1207 778 1268 quae
798 1191 996 1252 inimicorum
1018 1197 1146 1254 conatus
1162 1211 1185 1252 e·

238 1303 326 1346 mnes
356 1284 395 1345 ab
419 1281 561 1344 Ecclesia
589 1300 662 1356 sua,
690 1281 895 1360 fidelibusque
922 1285 1049 1362 populis
1076 1305 1171 1364 prors

239 1379 420 1450 averteret3
436 1393 507 1436 cum
527 1376 768 1437 recordaremur
788 1376 1029 1438 miserationum
1051 1379 1135 1453 eius,
1170 1408 1179 1415 J

239 1489 297 1551 per
326 1471 446 1550 Moysis
478 1470 652 1531 orationem
681 1469 794 1530 Israeli
823 1469 991 1532 victoriam
1022 1472 1168 1533 tribuit·

237 1564 386 1639 Amalec,
410 1564 506 1626 scidit
526 1565 623 1625 etiam
644 1565 764 1638 maria,
777 1567 824 1623 ·ut
851 1567 1072 1644 praetereunti
1093 1585 1157 1644 pop
1182 1620 1184 1623 .

237 1658 322 1720 viam
343 1659 551 1736 praeberent,
566 1675 625 1735 per
646 1657 752 1717 Iudith
773 1656 953 1718 Bethuliam
976 1659 1015 1719 ab
1030 1659 1170 1720 obsidius

212 1770 294 1834 yper
320 1753 435 1814 Esther
462 1751 610 1829 populum
637 1751 694 1812 Dei
722 1752 760 1812 ab
788 1750 922 1812 interitu
952 1753 1117 1817 liberavit.
1162 1782 1166 1803 ’-

237 1865 275 1907 ne
298 1850 366 1909 tum
387 1846 512 1923 quidem
532 1845 673 1906 exauditi
687 1845 822 1919 fuimus3
837 1846 960 1908 instant
974 1849 1061 1909 enim
1075 1849 1166 1910 hostii
1184 1841 1185 1844 '

236 1940 355 2014 minae,
372 1943 405 2000 et
424 1939 547 2000 maiore
567 1937 709 2015 quotidie
730 1938 922 2001 discrimina.
938 1943 1008 2004 Non
1026 1943 1138 2004 idcirco

236 2053 307 2096 men
329 2034 564 2112 despondendus
584 2032 722 2106 animus,
745 2033 839 2093 immo
867 2037 956 2096 tanto
982 2037 1088 2114 magis
1106 2053 1180 2097 oran·

237 2132 310 2190 dum
332 2128 364 2187 in
386 2125 587 2198 humilitate,
610 2128 643 2186 et
663 2126 766 2186 cordis
787 2127 997 2201 contritione,
1012 2128 1118 2192 instar
1132 2130 1181 2206 P*

237 2222 372 2296 blicani,
391 2221 445 2300 qui
466 2239 504 2280 ne
524 2221 629 2280 oculos
649 2219 772 2297 quidem
793 2221 826 2280 in
849 2221 968 2281 caelum
991 2189 1183 2285 audebatis-i

235 2317 315 2390 lere;
331 2317 516 2394 urgendum,
532 2315 855 2391 perseverandumquc
875 2315 975 2377 Nobis
996 2320 1055 2378 est
1066 2318 1098 2376 in
1108 2279 1182 2376 souti

236 2409 268 2468 in
289 2407 450 2487 suspiriis,
465 2406 497 2466 in
519 2407 678 2480 lacrimis,
693 2408 726 2467 in
746 2408 952 2484 poenitentia,
968 2409 1160 2487 pulsandusque

236 2503 303 2563 sine
332 2500 564 2562 intermissione
591 2499 826 2562 misericordiae
854 2501 956 2575 iores,
983 2521 1049 2579 quo
1079 2501 1167 2564 onies

235 2597 292 2658 Dei
313 2596 346 2654 iu
366 2597 430 2659 Nos
451 2594 500 2655 ira
521 2595 659 2670 peccatis
683 2595 813 2656 Nostris
835 2595 1014 2669 concitata,
1038 2597 1171 2658 convertu-

236 2693 292 2750 tur
319 2690 356 2749 ad
385 2688 710 2762 commiserationem,
733 2690 771 2748 ad
800 2689 971 2765 pietatem,
994 2693 1035 2750 ad
1066 2705 1142 2750 conso

236 2781 354 2841 tionem
374 2783 535 2844 Nostram.
559 2780 667 2842 Vellet
687 2781 769 2841 enim
790 2784 874 2842 Deus
894 2781 1144 2860 castigationesn

236 2874 373 2947 inferre,
397 2873 486 2951 cupit
511 2873 662 2933 uim'sibi
687 2873 758 2934 fleri
782 2875 821 2936 ab
843 2873 969 2947 amicis,
991 2877 1115 2952 quaerit

236 2987 343 3047 quem,
367 2988 386 3029 a
407 2984 466 3044 quo
487 2965 712 3044 prohibeatur,
735 2984 865 3045 cumque
885 2968 1043 3028 neminem
1064 2963 1151 3028 inven'

236 3062 343 3123 dolore
365 3059 712 3126 conficiturxoeaesiei
731 3061 770 3120 de
794 3063 841 3121 eis
860 3063 988 3134 cirum,
1012 3065 1072 3142 qus·
1095 3064 1138 3121 iat

231 3165 367 3235 poneret
387 3171 507 3233 sepem,
524 3162 556 3216 et
575 3162 677 3214 staret
690 3157 852 3232 oppositus
865 3163 982 3216 conum
995 3175 1046 3218 me
1061 3161 1138 3235 prol

235 3268 291 3326 ra,
316 3268 356 3311 ee
377 3251 569 3326 dissiparem
589 3263 677 3320 eam,
702 3256 733 3309 et
752 3267 821 3309 eoa
841 3251 958 3310 iacens·
980 3250 1037 3329 (3).
1057 3253 1098 3312 Aa
1116 3267 1132 3325 p

298 3398 332 3449 (1)
349 3395 442 3443 Psalm.
455 3397 495 3445 01.
506 3409 573 3444 vers.
587 3398 625 3444 18.

296 3473 332 3527 (t)
346 3473 437 3518 Ioann.
448 3473 516 3520 XVI.
527 3483 593 3519 vers.
604 3473 643 3521 24.

298 3548 332 3601 (8)
347 3547 529 3595 Eusebium.
542 3559 608 3595 vers.
621 3549 659 3596 bo.
