2374 4196
652 233 833 294 -436-

260 346 417 404 notorum
433 339 629 400 subditorum
641 339 680 398 ab
700 356 807 400 eorum
831 337 1016 410 obedientia,
1030 336 1168 396 fidelitatcu

210 427 212 439 '
260 438 399 498 »umen
419 437 453 498 et
475 450 579 495 veram
602 432 811 492 obedientiam
834 449 907 492 suae
931 430 1093 502 maiestati,
1109 429 1169 486 lere

164 559 165 562 ¹
259 531 382 602 adibus
403 532 436 589 et
456 525 685 586 successoribus
706 525 772 598 auis
798 527 982 602 praestabc;
1003 525 1134 602 ipsumque
1152 525 1172 580 et

259 624 376 700 »ipsos
388 622 463 681 totis
485 619 562 678 meis
578 619 697 679 viribus
711 623 822 682 contra
843 638 950 680 omnes
964 616 1173 696 conspirationes,

262 720 327 776 »et
339 714 501 774 attentata
520 728 729 789 quaecumque
739 729 817 788 quae
832 717 945 772 contra
959 727 1107 788 personam
1117 705 1175 766 illius

261 809 347 882 »rel
368 808 496 868 illorum
525 824 693 884 eorumque
714 823 865 866 coronam
886 810 920 866 et
941 805 1130 882 dignitatem,
1144 816 1176 856 ra·

261 919 280 966 r,
294 902 380 962 tione
396 899 564 975 veloolore
578 899 710 960 alienius
724 899 900 958 sententiae
922 899 973 958 vel
989 891 1175 960 declarationis,

261 1000 350 1058 »aut
370 994 449 1055 alias
475 993 559 1054 iacta
579 992 689 1063 fuerit,
712 991 886 1064 defendam3
902 1009 1079 1068 omnemque
1091 1001 1176 1066 opunn

262 1089 470 1166 »impendam
492 1087 646 1159 revelare,
662 1087 696 1145 et
716 1084 877 1146 maiestati
901 1104 986 1159 suae,
1003 1083 1145 1144 heredibus
1158 1083 1177 1136 et

261 1199 283 1243 r
295 1179 520 1242 successoribus
541 1177 605 1238 auis
632 1177 832 1238 manifestum
860 1179 977 1252 lacere,
996 1195 1095 1264 omues
1113 1173 1176 1252 proli·

261 1276 415 1346 nticuea,
435 1275 469 1332 et
500 1272 691 1349 proditorias
718 1273 983 1348 conspirationes,
1006 1289 1083 1349 quaa
1107 1272 1174 1328 contri

260 1370 400 1440 nillum,
419 1369 475 1427 aut
495 1367 616 1443 aliquos
636 1365 764 1426 illorum
778 1367 817 1426 ad
841 1364 987 1425 notitiam
1008 1365 1061 1424 vel
1080 1362 1173 1423 auditu

264 1475 399 1522 »meum
420 1459 634 1536 pervenerint.

321 1557 522 1616 »Praeterea
532 1553 617 1633 iuro,
627 1553 706 1630 quod
719 1569 758 1610 ex
772 1551 863 1611 corde
877 1552 1030 1612 abhorreo
1043 1551 1178 1612 etdetcrtot

261 1651 329 1708 »et
342 1647 452 1708 abiuro
474 1648 631 1723 tamquam
653 1645 780 1723 impiam
800 1647 834 1704 ot
856 1646 1047 1706 haereticam
1068 1647 1133 1704 lianc
1147 1643 1179 1698 do·

261 1758 281 1803 r
295 1741 431 1802 ctrincm
446 1743 480 1798 et
494 1739 738 1816 propositionem
752 1741 831 1816 quod
849 1739 1023 1816 Principes,
1037 1756 1088 1815 per
1102 1739 1179 1811 Papo

261 1831 554 1895 »exeommunicati
568 1832 620 1890 vel
635 1834 672 1891 de
688 1832 824 1909 privati,
840 1833 960 1908 possint
981 1850 1037 1909 per
1060 1849 1120 1890 suos
1134 1827 1178 1886 aul

262 1928 379 1988 »ditos
400 1926 452 1986 vel
474 1926 552 1985 alios
573 1944 778 2002 quoscumque
793 1927 906 2002 deponi
920 1931 954 1985 et
968 1926 1075 1985 occidi.
1086 1921 1177 1984 Iltulte

261 2020 363 2082 >rius
377 2021 468 2079 credo
490 2019 568 2080 etin
589 2019 780 2079 conscientia
800 2037 869 2078 mea
890 2020 1045 2091 resolvor,
1066 2019 1129 2095 quod
1145 2029 1178 2070 ne

262 2115 381 2190 »Papa
402 2131 457 2172 uec
478 2114 559 2173 alius
579 2112 762 2189 quicumque
787 2117 978 2189 potestatem
1000 2115 1090 2172 habet
1108 2105 1177 2169 norb

261 2207 483 2279 »iuramenta
505 2211 562 2267 aut
581 2206 686 2283 aliqua
714 2205 780 2265 eius
809 2211 899 2284 parte
921 2205 1105 2266 absolvendi.
1122 2199 1175 2268 Ouid

261 2316 281 2361 r
295 2299 506 2360 iuramentum
520 2316 665 2376 agnosco,
679 2304 766 2358 recta
781 2300 814 2358 et
834 2299 926 2375 plena
946 2300 1122 2360 auctoritato
1132 2307 1171 2351 auo

261 2391 373 2452 »mihi
402 2390 544 2468 legitime
573 2390 806 2465 ministratum
832 2391 1034 2476 omnibusque
1059 2387 1168 2458 indulger-

261 2502 280 2546 r
294 2485 349 2545 tiis
363 2503 398 2545 ac
412 2484 695 2562 dispensationibus
709 2484 740 2542 in
756 2486 949 2545 contrarium
964 2479 1174 2546 renuntiodlaet

260 2576 400 2640 »omnia
427 2577 518 2654 plane
539 2594 575 2636 ao
595 2575 717 2635 sincere
737 2593 873 2653 agnosco
896 2583 930 2638 ot
949 2577 1024 2638 iuro
1051 2579 1128 2638 iuxta
1144 2585 1177 2628 ex·

261 2686 401 2749 »pressa
421 2670 519 2730 verba
539 2685 595 2746 pen
622 2685 669 2727 me
691 2668 741 2728 hic
763 2670 909 2745 prolata,
932 2677 966 2732 ot
986 2672 1075 2732 iuxta
1092 2669 1178 2747 plenu

261 2782 487 2827 »communem
509 2781 631 2824 sensum
653 2768 686 2824 et
705 2764 903 2824 intellectum
924 2769 1091 2826 eorundem
1109 2778 1169 2822 veru

262 2875 384 2932 rrum,
407 2858 521 2935 absque
543 2858 609 2920 ulla
632 2858 888 2935 aequivocatione
918 2863 974 2918 aut
999 2859 1121 2920 mentali
1138 2867 1179 2912 err

262 2951 395 3025 reione,
411 2953 463 3012 vel
478 2957 600 3013 secreta
619 2952 836 3012 reservatione
858 2971 1062 3031 quacumque.
1078 2955 1179 3021 nunqu

262 3045 539 3122 »recognitionem
560 3049 594 3106 et
616 3045 808 3122 agnitionem
832 3047 912 3106 facio
939 3047 1132 3114 cordialiter,
1157 3066 1170 3081 ⁴¹

263 3138 458 3213 ›luntarie,
480 3143 515 3198 et
542 3156 617 3198 vere
639 3139 670 3198 in
697 3157 775 3199 vera
795 3139 856 3199 fide
877 3140 1054 3201 Christiani
1075 3129 1177 3199 virili

263 3249 345 3292 »me
367 3233 447 3293 Deus
468 3229 633 3291 adiuvet.»

322 3326 406 3391 Quae
421 3341 490 3384 cum
505 3325 552 3384 ita
572 3324 648 3397 sint,
661 3323 748 3384 vobis
763 3343 803 3385 ex
817 3325 924 3384 verbis
938 3325 1015 3402 ipsis
1030 3323 1175 3403 perspicui

264 3417 460 3490 assederat,
483 3418 562 3493 quod
590 3417 765 3476 huiusmodi
796 3417 1028 3493 iuramentum,
1050 3419 1130 3478 salva
1150 3411 1178 3467 fi⁴

264 3507 424 3571 catholica
436 3513 471 3568 et
484 3509 586 3570 salute
598 3509 773 3571 animarum
788 3514 982 3583 vestrarum,
992 3507 1136 3590 praestari
1147 3522 1167 3562 u·
