2514 4198
436 197 595 258 -31..

38 327 126 370 »nnn
149 310 294 370 obstante
316 312 400 390 Lege
421 310 655 387 Ecclesiastica,
670 313 722 374 vel
737 318 833 390 voto,
848 319 883 378 et
903 335 998 396 oppo-

36 404 163 463 ›sitnm
186 403 234 463 nil
255 403 343 465 aliud
364 423 443 480 esse,
459 424 552 484 quam
574 407 722 468 damnare
744 409 997 488 matrimonium,

35 513 215 574 »posseque
238 515 344 559 omnes
364 500 553 562 contrahere
581 499 840 577 matrimonium,
862 505 916 582 qui
938 525 998 568 non

34 591 207 652 »sentiunt
228 609 261 652 se
282 593 453 670 castitatis,
468 594 593 656 etiamsi
615 613 682 655 eam
705 597 865 670 voverint,
884 599 999 663 hahere

35 688 188 747 odonam.
206 689 275 748 ›In
296 689 371 750 Gan.
390 690 438 750 11.
456 689 540 750 Sese.
558 690 627 749 ead.
649 692 684 750 ct
706 690 760 752 tit.
782 693 996 755 anathemati·

35 781 140 840 cantur
161 780 300 857 pariter,
316 781 368 859 qui
391 781 533 842 dicerent
554 782 830 860 «prohibitionem
853 783 999 846 solemni-

36 873 137 933 »tatis
161 873 348 950 nuptiarum
369 875 467 936 certis
488 875 562 936 anni
583 875 998 956 temporibns'superstitio·

40 985 130 1027 »nem
155 985 227 1027 esse
253 969 453 1047 tyrannicam
478 971 517 1032 ab
544 970 744 1033 ethnicorum
775 973 998 1050 superstitione
1057 973 1060 976 ’

42 1061 250 1140 »proiectam
274 1066 331 1124 aut
348 1063 601 1139 Benedictiones,
622 1067 656 1125 et
670 1065 748 1126 alias
769 1067 994 1142 caeremonias,

41 1157 174 1234 »quibus
182 1157 327 1218 Ecclesia
338 1157 369 1217 in
381 1158 448 1220 illis
459 1159 574 1234 utitur,
584 1158 997 1222 damnaverit.›1n0au.l2.

40 1253 96 1311 aad.
113 1251 201 1312 Sese.
220 1253 254 1311 et
268 1251 322 1313 tit.
337 1253 511 1331 imponitur
525 1255 694 1315 anathema
707 1252 914 1315 dicentibus«
929 1271 1001 1314 oan-

41 1361 109 1404 ›sas
129 1344 386 1409 matrimoniales
409 1366 467 1409 non
490 1351 633 1427 spectare
655 1348 691 1408 ad
712 1346 834 1408 Iudices
848 1346 1002 1409 Ecclesia-

40 1440 168 1500 ›sticos
187 1455 209 1500 »
234 1439 284 1498 Ab
307 1440 488 1502 Alexandro
510 1441 580 1502 VII.
606 1439 716 1500 deinde
738 1440 917 1519 proscripta
938 1439 1001 1501 init

45 1531 85 1590 die
101 1535 127 1592 7.
144 1532 292 1593 Ianuarii
314 1536 347 1594 et
368 1532 688 1608 inconsutilem,
711 1534 768 1595 sub
788 1534 1002 1594 excommuni-

49 1625 149 1686 catione
170 1626 262 1688 latae
284 1628 480 1702 sententiae,
504 1627 608 1689 versio
637 1626 782 1688 Missalis
806 1629 940 1690 Romani
967 1628 1000 1686 in

46 1717 167 1797 linguam
197 1718 372 1794 Gallicam,
396 1720 554 1798 tamqnam
577 1719 701 1782 novitas
721 1720 868 1798 perpetui
892 1718 1002 1780 Eccle-

42 1815 94 1874 siae
113 1813 240 1874 decoris
262 1813 494 1889 deformatrix,
515 1813 771 1888 inobedientiae,
794 1811 999 1887 temeritatis,

41 1909 191 1982 audaciae,
216 1905 404 1983 seditionis,
427 1908 606 1970 schismatis
620 1951 629 1982 ,
643 1907 839 1984 aliorumque
861 1904 1001 1984 plurium

43 2003 185 2063 malorum
209 1999 306 2061 facile
326 2001 523 2078 productrix.
540 2001 589 2062 Ab
602 2000 773 2062 indictione
791 1999 1001 2060 anathematis

45 2104 136 2162 contra
146 2102 359 2161 adversantes
371 2099 514 2177 pluribus
525 2098 681 2176 capitibus
698 2097 895 2177 disciplinae,
908 2097 1001 2177 plane

43 2194 229 2272 assequimur
251 2191 340 2252 illam
361 2193 400 2254 ab
421 2190 561 2253 Ecclesia
574 2191 714 2253 habitam
729 2192 826 2253 fuisse
842 2195 1000 2270 tamquam

42 2289 174 2366 Dogmati
206 2304 400 2358 connexam,
428 2304 484 2347 nec
505 2286 619 2347 debere
642 2288 921 2365 quandocumque,
945 2305 1001 2347 nec

41 2399 265 2460 aquocnmque
288 2380 430 2455 variari,
453 2382 505 2440 sed
530 2400 550 2442 a
577 2381 643 2444 sola
663 2380 886 2443 Ecclesiastica
910 2384 1002 2460 pote-

41 2478 124 2550 state,
150 2473 204 2535 cni
227 2475 363 2548 constet,
386 2473 438 2534 vel
460 2491 625 2551 perperam
647 2473 765 2535 iactum
787 2474 896 2548 fuisse,
919 2475 1000 2551 qnod

43 2569 183 2630 batenus
206 2570 370 2627 servatum
391 2571 452 2642 est,
475 2567 526 2628 vcl
549 2585 664 2645 urgere
679 2565 889 2644 consequendi
903 2567 1001 2627 maio-

43 2664 78 2723 ris
94 2663 168 2726 boni
191 2662 424 2723 necessitatem.
495 2713 498 2720 .

91 2762 183 2822 Nunc
206 2758 244 2816 ut
264 2755 425 2817 rideamus
446 2758 599 2829 remanet,
623 2772 715 2833 quam
738 2771 794 2814 nec
816 2752 924 2827 utiles,
946 2771 1001 2814 nec

44 2852 203 2913 diuturnae
225 2849 346 2910 fuerint
367 2849 577 2922 variationes,
601 2866 678 2926 quas
700 2839 852 2927 proficuas
875 2846 1000 2908 futuras

45 2946 231 3022 sperabatur.
256 2943 342 3009 Quod
364 2942 456 3004 facile
479 2942 566 3003 vobis
595 2941 737 3019 patebit,
768 2939 794 3000 si
827 2940 859 2999 in
884 2956 1001 2998 memo-

45 3039 111 3099 riam
132 3037 364 3100 revocaveritis
385 3037 562 3115 exemplum
585 3055 678 3114 super
694 3035 810 3097 Calicis
823 3052 892 3108 usu,
909 3050 1000 3111 quem

45 3131 108 3192 Pius
128 3133 184 3194 IV.
211 3131 415 3192 vehementer
429 3130 661 3209 postulantibus
676 3129 881 3217 Ecrdinando
900 3129 1002 3205 Impe-

46 3229 150 3298 ratore,
175 3227 209 3283 et
231 3221 362 3283 Alberto
383 3221 538 3283 Bavariae
558 3223 654 3294 Duce,
679 3222 805 3283 tandem
831 3220 999 3281 concedere

48 3315 180 3378 indoctus
203 3314 295 3390 fnit,
327 3315 474 3376 nimirum
506 3319 543 3377 ut
572 3316 671 3394 aliqui
700 3318 828 3392 possent
856 3313 1001 3392 Episcopi

49 3410 197 3471 bioeceses
219 3411 370 3471 habentes
393 3410 425 3469 in
448 3409 632 3484 Germania,
650 3409 707 3470 sub
729 3409 826 3470 certis
848 3407 1000 3468 conditio·

52 3503 148 3578 nibus,
170 3504 274 3582 ipsum
296 3501 493 3582 permittere.
516 3505 562 3565 At
584 3521 653 3563 cum
676 3503 749 3563 inde
778 3502 848 3580 plus
870 3500 946 3568 mali
968 3500 1000 3559 in

134 3626 193 3678 Vol.
212 3626 239 3676 I.
894 3628 909 3675 t
