2500 4206
456 230 574 289 -363
597 263 634 274 -

69 338 228 414 perspecta
258 336 425 414 prudentia
452 339 569 398 Vestra
597 344 721 400 mature
749 340 1027 416 deliberaveritis,

69 449 155 507 qnam
176 433 237 490 hue
260 430 330 492 sitis
359 431 548 492 sententiam
570 433 715 496 allaturi.
739 436 871 512 Impium
898 435 1028 508 bellum,

69 527 100 584 ut
120 525 210 596 satis,
234 525 346 601 ubique
368 525 577 604 pervulgatur
598 527 751 589 intentari
773 533 883 590 contra
907 530 1030 606 aposto-

67 619 156 678 licam
178 620 309 692 Sedem,
331 619 543 698 ditionemque
564 623 729 695 Nostram,
753 624 790 684 ad
812 626 877 686 Nos
897 623 1028 685 hostiles

66 713 176 788 minae,
188 727 410 791 armorumque
426 716 555 791 paratus
566 715 701 793 undique
712 717 927 793 perferuntur.
941 718 1027 785 Quod
1045 759 1054 782 .

65 807 199 882 primum
215 807 345 868 aNobis
366 806 426 868 tali
446 823 552 867 rerum
568 826 694 868 rumore
708 809 859 887 perculsis
873 813 1027 888 agendum

66 903 144 973 erat,
159 905 197 961 ut
207 918 328 961 omnem
340 901 575 979 cogitationem,
589 907 682 980 atque
694 921 819 981 operam
833 905 871 964 ad
888 905 1027 965 divinam

64 991 290 1070 implorandam
312 995 558 1055 misericordiam
581 998 848 1068 converteremus,
871 995 950 1056 illud
973 1015 1029 1074 pro

64 1087 234 1165 apostolico
262 1105 390 1148 munere
411 1091 529 1151 Nostro
551 1090 664 1160 semel,
687 1090 864 1166 iterumque
885 1088 1027 1164 fecimus,

64 1185 194 1242 evocato
223 1182 315 1242 huius
338 1184 438 1244 almae
461 1183 555 1244 Urbis
580 1185 716 1244 Nostrae
739 1183 824 1242 fideli
850 1185 963 1260 populo
990 1187 1026 1244 ad

63 1293 182 1352 preces,
199 1275 502 1353 supplicationesque
523 1276 674 1352 publicas,
691 1295 726 1336 ae
741 1276 906 1354 patefactis
921 1277 1029 1336 Eccle-

63 1369 123 1428 siae
146 1369 316 1442 thesauris,
333 1388 389 1447 per
403 1388 478 1447 quos
494 1370 589 1430 animi
604 1373 695 1430 tanto
711 1369 811 1447 magis
833 1372 870 1430 ad
893 1371 1027 1431 eluenda

62 1463 201 1522 lacrimis
215 1469 354 1541 peecata,
371 1464 486 1541 Deique
501 1464 682 1540 placandam
699 1464 779 1523 iram
795 1464 1025 1524 excitarentur.

63 1557 146 1624 Quod
161 1557 263 1632 ipsum
278 1559 369 1616 modo
384 1557 422 1616 ad
439 1557 619 1617 universam
634 1556 730 1617 etiam
745 1556 943 1616 extendimus
955 1576 1028 1634 pon-

62 1650 193 1712 tificiam
215 1650 378 1725 ditionem,
394 1651 581 1730 Nostrisque
603 1651 697 1725 votis,
714 1668 774 1728 quo
788 1650 960 1711 efficaciora
981 1671 1028 1712 es-

63 1747 154 1816 sent,
183 1744 393 1820 plurimorum
419 1748 495 1805 vota
519 1746 709 1822 coniungere
730 1743 920 1804 curavimus.
943 1746 1027 1804 Haeo

63 1839 134 1896 sunt
155 1836 333 1914 potissima,
356 1837 467 1913 quibus
493 1837 662 1916 gerendum
683 1837 782 1898 Nobis
805 1836 921 1896 bellum
943 1841 1025 1911 erat,

62 1947 148 1990 arma
169 1932 299 2005 Nostra,
323 1933 398 1991 haec
419 1936 506 2006 suut,
529 1934 641 2008 quibus
661 1930 870 2008 singulariter
894 1947 956 2003 res,
979 1932 1027 1990 vi-

62 2030 143 2099 tam,
167 2025 321 2102 fidemque
341 2027 491 2086 Nostram
520 2026 604 2086 tueri
626 2028 689 2088 Nos
714 2043 803 2103 posse
828 2024 1023 2084 confidimus.

61 2117 275 2180 Nihilominus
294 2121 398 2177 tamen
421 2122 492 2195 post
513 2118 712 2195 imploratam
727 2118 783 2178 Dei
804 2116 1027 2194 omnipotentis

61 2231 161 2290 opem,
178 2215 250 2290 post
270 2213 491 2290 interpositum
514 2213 728 2274 sanctissimae
742 2213 800 2273 Dei
814 2211 939 2284 Matris,
956 2212 1028 2271 bea·

61 2310 165 2366 torum
187 2305 428 2381 Apostolorum,
451 2307 699 2382 sanctorumque
728 2306 864 2367 omnium
890 2305 1027 2382 patroci-

60 2399 159 2473 nium,
176 2401 434 2476 praetermittere
453 2419 513 2459 non
537 2401 699 2460 debuimus
721 2419 758 2462 ea
779 2402 876 2461 etiam
890 2402 1026 2460 humana

60 2495 230 2573 praesidia,
246 2495 358 2572 quibus
380 2496 602 2556 distineremus
620 2515 639 2556 a
659 2497 757 2558 Nobis
778 2497 909 2558 hostiles
930 2497 1028 2575 impe·

60 2593 122 2662 tua,
146 2587 342 2664 tutelamque
364 2588 536 2648 commissis
557 2589 656 2648 Nobis
678 2591 800 2666 populis
823 2595 916 2667 atque
942 2591 1027 2650 inco·
1120 2609 1121 2612 ’

60 2682 264 2766 lumitatem,
293 2685 444 2760 quantum
470 2683 501 2739 in
525 2682 623 2742 Nobis
649 2688 753 2756 esset,
780 2689 1023 2760 praestaremus.

60 2776 208 2855 (legimus
227 2776 344 2836 idcirco
366 2776 524 2836 militares
546 2775 662 2851 copias,
679 2777 855 2838 maritimas
871 2778 1026 2838 munimus

59 2888 142 2943 oras,
166 2869 243 2929 belli
264 2870 384 2946 peritos
405 2867 590 2928 arcessimus
610 2869 714 2942 ducas,
737 2872 903 2946 ceteraque
924 2871 1028 2930 omnia

59 2963 205 3042 expediri
226 2963 369 3038 fecimus,
392 2981 471 3040 quae
492 2979 548 3038 pro
569 2979 676 3021 rerum
699 2961 878 3023 discrimine
903 2967 1026 3040 tempus

58 3058 162 3135 ipsum
185 3056 313 3117 videtur
334 3075 352 3116 a
373 3057 470 3120 Nobis
492 3056 878 3133 postulare.v0rum1v0s
898 3058 958 3134 ipsi
979 3058 1026 3118 fa·

58 3149 119 3209 oile
134 3149 310 3226 percipitis,
325 3150 378 3226 qui
392 3149 563 3227 quantique
579 3153 721 3226 sumptus
743 3150 780 3208 ad
803 3152 908 3210 tantos
922 3151 1027 3228 requi·

58 3245 174 3304 rantur
194 3245 364 3319 apparatus
385 3243 418 3301 in
440 3259 477 3301 ea
498 3243 684 3318 praesertim
708 3243 839 3317 ditione,
862 3261 938 3321 quae
961 3261 1025 3303 ma·

58 3336 143 3395 xime
169 3334 273 3396 aliena
298 3336 336 3394 ab
360 3334 459 3395 armis
484 3337 553 3408 est,
580 3335 718 3413 bellique
744 3336 871 3414 gerendi
896 3355 1024 3415 prorsus

57 3430 195 3489 insueta.
212 3431 282 3490 Una
299 3430 394 3489 etiam
416 3429 586 3506 agnoscitis
608 3447 669 3488 non
692 3430 791 3490 solum
814 3431 930 3490 aerarii
945 3432 1026 3491 Pon·

60 3521 157 3582 tiliois
177 3521 263 3582 vires
289 3521 426 3600 impares
451 3533 518 3581 essa
543 3523 580 3581 ad
607 3522 637 3582 id
664 3524 768 3583 oneris
796 3524 1024 3600 sustinendum,
