2386 4194
230 285 357 364 indigne
378 285 411 346 in
431 284 595 349 Nationeli
615 284 779 348 conventu
794 285 965 347 decretam.
982 286 1061 346 Erat
1074 283 1174 364 pracci-

231 396 293 456 pna
313 378 536 441 (lenonicorum
565 378 727 456 occupatio
756 379 879 440 divinas
906 359 1035 454 laudes,
1055 376 1174 457 quotidie

232 473 263 532 in
286 473 433 534 Ecclesiis
459 475 614 547 mnendo,
636 473 829 535 coniunctim
857 474 1057 552 persolvere,
1079 477 1113 534 ut
1129 474 1174 532 he-

231 565 326 626 betur
346 564 379 624 in
401 564 479 626 vitis
498 565 721 645 Episcoporum
742 569 932 628 Meteusium
948 565 1005 646 (1),
1020 565 1100 644 apud
1112 566 1174 624 Pau·

229 659 298 720 lum
310 660 501 735 Diaconum,
518 661 571 722 ubi
583 661 723 740 legitur:
739 661 940 739 «Episcopus
953 658 1173 737 chrodegandus

164 822 167 830 y
231 753 391 815 »clerum
411 755 607 816 abundanter
627 757 712 834 Lege
734 754 860 828 divina,
883 758 1083 831 Romanaque
1096 750 1175 810 imbu-

234 850 334 908 ›tum
367 848 543 922 cantilena,
572 866 710 924 morem,
739 853 833 928 atque
865 849 1007 909 ordinem
1037 849 1173 908 Romanae

233 942 422 1004 »Ecclesiae
443 960 571 1004 servare
591 943 790 1021 praecepit.»
805 944 881 1004 Cum
903 943 1081 1020 Imperator
1100 938 1173 999 (lero-

233 1032 283 1096 lus
296 1037 428 1114 Magnus
441 1038 478 1097 ad
489 1038 668 1098 'Adrianum
680 1039 705 1098 1.
716 1037 944 1100 transmisisset
953 1053 1031 1113 opus
1043 1037 1085 1095 De
1099 1029 1173 1094 sacru

233 1125 434 1206 imaginibus,
451 1134 487 1191 ut
497 1132 536 1192 ab
550 1131 618 1210 ipso
633 1131 770 1191 examini
785 1129 1007 1202 subiiceretur,
1020 1129 1079 1188 hac
1089 1141 1173 1204 oppor-

233 1222 373 1284 tunitate
393 1223 541 1285 Pontifex
562 1225 664 1303 ipsum
685 1227 833 1287 hortatus
854 1227 922 1296 est,
946 1226 982 1285 ut
1002 1223 1109 1300 plures
1121 1219 1172 1280 (lel-

232 1314 349 1376 liarum
377 1316 552 1394 Ecclesiae,
582 1338 660 1395 quae
691 1322 846 1398 quondam
875 1316 1078 1397 Apostolicae
1108 1312 1169 1374 Sedis

234 1409 436 1472 traditionem
469 1412 501 1471 in
530 1413 691 1491 psallendo
718 1413 858 1492 recipere
890 1410 1098 1482 recusabant,
1125 1423 1165 1467 eun

233 1517 303 1588 cum
319 1503 401 1563 omni
413 1505 582 1583 diligentia
593 1507 871 1585 amplecterentur,
884 1509 921 1567 ut
930 1505 980 1566 cui
992 1501 1169 1566 adhaeserunt

234 1595 454 1673 fideimunere,
463 1601 672 1662 adhaererent
683 1595 1173 1679 qnoquepsallendiordine.Verle

234 1689 340 1752 Caroli
371 1695 478 1772 Magni
508 1694 602 1772 longa
634 1694 837 1754 enarratione
862 1693 929 1771 legi
961 1696 1091 1771 possum
1114 1687 1170 1765 apud

237 1780 412 1862 Georgium
443 1789 481 1847 de
495 1787 631 1864 liturgia
644 1786 779 1850 Romani
800 1785 964 1848 Pontificis
983 1785 1041 1862 (2).
1056 1782 1170 1848 Ulterius

233 1873 316 1936 idem
339 1880 513 1956 Imperator
534 1880 657 1952 voluit,
682 1885 718 1940 ut
743 1880 775 1939 in
796 1879 987 1941 Monastcrio
1014 1871 1182 1950 Oentulenei

233 1968 458 2034 institueretur
479 1972 586 2036 schola
606 1976 789 2048 (lentorum,
806 1975 842 2034 ad
866 1974 966 2034 instar
985 1972 1091 2048 illius,
1105 1961 1182 2052 quen,

213 2066 353 2144 ,Romae
373 2066 518 2130 instituit
539 2069 572 2129 S.
588 2067 763 2145 Gregorius
785 2069 936 2145 Magnus,
951 2066 984 2126 in
1005 2085 1101 2143 eaque
1121 2079 1170 2122 cen·

235 2160 304 2221 tum
322 2158 412 2235 pueri
430 2160 611 2238 alerentur,
625 2163 679 2241 qui
700 2179 757 2240 per
779 2165 845 2222 tros
859 2163 969 2221 choros
983 2159 1077 2221 divisi
1092 2159 1170 2218 Mona·

236 2250 304 2310 chis
325 2251 520 2316 inservirent
539 2255 571 2313 in
590 2254 745 2316 auxilium
761 2255 914 2333 psallendi
929 2258 964 2315 et
977 2252 1119 2315 cantandi
1131 2247 1167 2327 (tl.

235 2343 279 2402 Et
305 2349 471 2420 consonat,
501 2349 582 2424 quod
609 2351 756 2410 recenter
783 2347 985 2408 confirmavit
1009 2344 1181 2434 Geeomeec,

236 2435 360 2516 Saeoftl,
373 2442 541 2503 Monachus
554 2441 818 2504 Bibliothecarius
832 2443 864 2503 in
879 2441 1072 2504 Monasterio
1083 2442 1113 2501 S.
1123 2435 1181 2502 Emi

237 2531 369 2592 merumi
389 2532 598 2608 Ratisbonae,
613 2535 645 2594 in
667 2534 827 2599 dissertat.
844 2533 954 2612 (Nobis
969 2533 1083 2610 dicata)
1098 2533 1124 2592 iu
1136 2504 1181 2588 nul

235 2642 337 2700 reum,
354 2643 389 2686 ac
409 2630 628 2704 pervetustum
643 2627 700 2688 SS.
713 2626 957 2704 Evangeliorum
973 2626 1106 2686 codicem
1118 2634 1169 2681 mss·

236 2719 375 2780 eiusdem
402 2721 585 2782 Monasterii
607 2720 664 2800 (4).
686 2721 878 2798 «Principio
901 2719 933 2780 id
955 2720 1088 2783 maxime
1107 2729 1170 2796 curu·

237 2817 348 2876 »runt
368 2812 543 2888 Gallicani,
567 2813 760 2891 Hispanique
781 2812 947 2892 Episcopi,
973 2816 1009 2873 nt
1029 2813 1061 2875 in
1087 2805 1180 2890 quavis,

178 2936 188 2960 ·
238 2907 434 2985 »provincia
454 2905 619 2967 uniformis
640 2907 672 2966 in
689 2905 813 2968 Divinis
827 2905 944 2967 Officiis
958 2906 1042 2967 ritus
1055 2914 1170 2966 servare·

239 3007 335 3062 rtur:
352 3003 482 3062 exstant
501 3002 593 3062 varia
613 3001 728 3061 hucde
750 3017 784 3060 rc
799 3001 926 3060 decreta
939 3003 1008 3060 tum
1028 2999 1103 3076 apud
1117 2988 1169 3052 (iel-

239 3095 337 3168 ulos,
350 3098 422 3155 tum
442 3096 522 3174 apud
543 3094 714 3172 Hispanos:
731 3092 864 3171 insignis
883 3097 933 3152 est
953 3091 1104 3171 imprimis
1116 3087 1169 3148 ceu

303 3265 337 3318 (1)
354 3265 426 3311 Tem.
436 3264 500 3309 XIII
515 3261 636 3309 Biblioth.
647 3263 695 3308 PP.
707 3259 769 3309 edit.
779 3259 861 3319 Lugd.
872 3272 931 3320 pag.
943 3260 999 3308 out.

303 3341 338 3394 (t)
354 3340 425 3386 Tem.
435 3340 470 3396 11,
481 3337 612 3386 diesem.
623 3338 644 3394 I,
658 3348 714 3394 cap.
724 3337 783 3383 VII.
795 3333 819 3396 ς’.
830 3337 877 3384 Vl.

303 3415 338 3470 (t)
355 3415 446 3473 Georg.
458 3413 509 3461 loo.
524 3413 568 3460 ott.
578 3411 602 3473 §.
613 3412 672 3459 v11.

303 3490 339 3546 (4)
354 3491 424 3538 Part.
435 3491 456 3546 Ι,
468 3486 646 3537 Praellminar.
658 3485 681 3548 §.
694 3488 715 3544 1,
727 3498 797 3534 unm.
806 3487 861 3546 liet
874 3486 898 3533 a.
