2498 4200
35 319 222 395 Nunoium,
237 319 465 382 mandavimus.
479 321 525 381 Te
546 319 628 380 enlm
650 335 726 397 pree
746 317 861 381 ceteris
875 322 1017 396 spectan-

36 417 115 476 dnm
139 415 177 475 in
200 434 239 477 ee
258 415 357 478 Nobis
370 433 642 494 proposueramus,
664 415 717 493 qni
739 415 773 476 et
793 414 961 493 dignitate,
980 419 1015 477 et

34 509 193 586 potentia
216 510 372 571 emineres
385 508 469 584 aliis,
486 512 595 588 utpote
609 508 642 568 iu
656 507 786 568 maximi
799 507 927 588 Imperii
941 525 1016 569 ver·

35 602 100 664 tice
126 604 340 678 constitutus,
355 603 467 682 quibus
480 604 513 664 in
528 601 695 681 praecipuo
716 601 927 679 amplissimae
942 604 1015 662 tuae

33 696 221 772 potestatis
242 699 337 758 habes
358 715 499 772 munere,
514 701 551 758 nt
563 696 779 774 Apostolieam
794 697 873 756 bano
887 694 1012 770 Sedem,

33 791 174 869 eiusque
197 792 349 866 rationes,
362 809 434 853 cum
447 809 525 869 opus
538 793 632 864 esset,
645 794 801 852 sustentes
822 808 858 851 ae
880 788 1014 865 tuearis3

33 890 288 963 praetereaque,
302 886 355 963 qui
369 903 427 964 pro
448 885 604 965 singulari
615 888 689 947 tuas
704 884 818 946 mentis
831 883 1015 961 intelligen-

33 979 94 1053 tia,
124 979 229 1041 facile
256 995 474 1056 cognosceres,
503 983 638 1056 quantus
658 995 698 1038 ex
722 979 779 1038 bac
799 976 897 1040 Nobis
922 976 1015 1038 illata

33 1070 175 1146 iniuria,
190 1071 220 1130 ai
234 1070 359 1149 impune
380 1071 411 1131 id
432 1075 536 1131 actum
557 1071 669 1146 fuerit,
684 1075 800 1149 gradus
811 1070 916 1130 factos
929 1072 1014 1130 esset

34 1165 70 1225 ed
94 1170 286 1226 ceterorum
306 1163 402 1226 etiam
423 1164 600 1242 principum
621 1166 688 1226 sins
703 1164 768 1226 ullo
781 1165 851 1225 iure
866 1163 1015 1223 invaden-

34 1257 88 1318 das
113 1258 315 1336 provincias.
331 1257 421 1320 Adiit
435 1258 542 1319 statim
557 1257 757 1320 Maiestatem
771 1261 859 1319 tuam
872 1256 1014 1319 Nunnius

35 1355 165 1426 noster,
192 1350 342 1428 illamque
363 1351 423 1412 tibi
444 1351 810 1425 memoriumexhibens,
825 1349 899 1428 quid
922 1349 954 1408 in
976 1366 1013 1409 en

35 1445 281 1536 ominaretur,
305 1443 439 1522 quidque
471 1445 710 1523 postulabatur,
735 1447 881 1507 accurate
909 1443 1013 1505 decla-

36 1539 142 1598 ravit.

93 1635 186 1692 'I'nm
208 1647 286 1691 vero
300 1632 436 1693 maxime
450 1625 506 1710 pro
526 1632 616 1711 regia
635 1632 833 1693 humanitate
854 1633 910 1691 tua
923 1647 1014 1708 egre-

39 1725 104 1803 gios
135 1724 329 1802 patefecisti,
344 1726 513 1804 plenosque
534 1725 705 1804 aequitatis
726 1745 762 1788 ac
784 1722 1011 1803 magnitudinis

38 1820 140 1880 enimi
162 1835 285 1892 sensus,
306 1837 375 1880 enm
398 1822 529 1882 diceres:
553 1829 585 1881 tc
609 1837 731 1880 summo
754 1819 862 1880 studio
876 1827 945 1878 tarn
959 1819 1010 1876 iu·

38 1921 124 1973 uam
148 1921 372 1990 suscepturum
396 1933 547 1988 curnam,
573 1923 816 1993 opportuneque
840 1930 911 1973 una
938 1928 1012 1972 cum

40 2009 117 2068 aliia
139 2007 350 2083 principibus
364 2015 566 2080 curaturum,
582 2016 620 2068 ut
642 2025 726 2086 quae
744 2009 856 2068 ablata
868 2004 1012 2066 Sanctae

42 2097 115 2162 sedi
138 2108 236 2173 sunt,
261 2103 524 2162 restituerentur.
546 2103 655 2179 Neque
680 2102 756 2162 haec
785 2099 917 2178 simplex
947 2095 1010 2157 init

43 2195 98 2254 tem
127 2191 273 2272 prolixae
297 2193 473 2255 voluntatis
495 2196 569 2256 tune
594 2195 776 2269 declaratio;
799 2193 852 2254 sed
877 2209 947 2253 cum
974 2194 1008 2252 te

39 2284 162 2346 iterum
189 2285 320 2346 adiisset
340 2286 492 2360 Nunnius,
511 2286 630 2347 iterum
651 2287 752 2349 multo
772 2287 869 2349 etiam
883 2284 1006 2346 acriore

39 2380 199 2439 renovata
213 2377 345 2438 studio:
362 2379 463 2439 eidem
483 2378 567 2439 euim
586 2382 755 2454 mandasti,
771 2384 808 2442 ut
823 2384 878 2441 tuo
892 2381 930 2442 ed
944 2381 1010 2444 Nes

39 2469 169 2530 nomine
191 2469 362 2546 scriberet,
386 2479 417 2532 te
436 2473 528 2532 omni
547 2488 645 2547 opera
669 2481 836 2544 acturum,
862 2481 900 2533 ut
921 2473 1011 2534 Aoe-

39 2565 386 2640 monumentumque
406 2565 535 2626 abluar
554 2563 696 2625 ditiones
708 2568 931 2642 reciperunns,
945 2581 1009 2642 quo

38 2656 129 2714 nibil
148 2671 306 2732 umquam
328 2657 447 2716 iustius
469 2671 533 2716 esse
553 2659 675 2732 possit,
704 2673 809 2734 neque
826 2658 1008 2735 quidquam

38 2750 88 2822 eit,
108 2747 198 2826 quod
220 2755 389 2825 tantopere
407 2751 553 2808 omnium
573 2750 675 2809 etiam
696 2752 827 2810 intersit
849 2766 1011 2827 suprem-

37 2859 113 2902 ram
132 2844 347 2922 principum,
373 2862 472 2922 quum
493 2860 536 2905 ne
557 2846 622 2905 tute
644 2847 872 2922 usurpationis
903 2863 1010 2907 coena·

35 2938 129 3010 ptum
143 2939 183 2996 in
192 2940 297 2998 attam
308 2941 399 3000 abire
411 2942 522 3000 valeat
539 2942 692 3016 temporie
701 2941 1006 3017 praescriptionem

37 3029 121 3090 llaec
133 3030 239 3091 omnia
249 3030 386 3091 libenter
396 3049 683 3109 commemoremus,
696 3032 856 3094 carissime
870 3034 903 3093 in
918 3035 1009 3097 Obri-

39 3125 87 3183 sto
109 3121 179 3182 Fili
194 3122 324 3198 Noster,
347 3141 407 3201 quo
428 3140 579 3202 agnoscas
601 3143 661 3186 uon
684 3127 783 3188 solum
805 3127 1008 3206 quantumin

38 3217 69 3275 te
92 3231 247 3294 ponamus
260 3215 419 3289 fiduciam,
434 3217 488 3276 aed
509 3222 660 3294 quantum
682 3237 804 3299 quoque
825 3220 887 3282 tibi
900 3222 1007 3283 deberi

40 3309 184 3372 aNobis
207 3310 424 3387 profiteamur.
448 3311 556 3388 Neque
583 3312 667 3372 enim
689 3314 1008 3391 praetermittendum

40 3379 192 3477 lecimus,
204 3403 279 3480 quin
301 3403 414 3464 saltem
435 3419 492 3480 per
514 3403 700 3466 litterarum
715 3407 847 3469 officium
865 3409 922 3470 tibi
936 3428 1010 3492 gra·

42 3496 197 3557 tissimum
222 3500 375 3557 testemur
394 3497 532 3558 animum
552 3499 725 3573 Nostrum,
745 3519 836 3578 quem
861 3520 1007 3582 umquam
