2372 4198
237 269 348 332 Martii
363 267 834 332 ann01669.-2.anionensis
855 267 1008 330 dioecesis
1026 269 1129 346 fideles
1146 296 1165 319 ιι

237 367 360 424 etiaere
374 366 506 424 omnino
527 365 639 424 debere
654 381 675 424 a
688 363 909 426 contrahendo
922 365 1131 424 matrimonio
1150 390 1165 415 a

235 474 309 516 ram
329 456 599 532 Municipalitate
621 464 680 515 cat
701 472 811 516 coram
831 455 965 531 officiali
979 473 1001 514 a
1014 455 1176 531 Municipa·

238 551 332 609 litate
352 553 477 620 selecto;
497 567 567 608 cum
589 549 673 607 euim
695 553 761 608 tum
784 548 822 619 ii,
836 549 890 626 qui
911 547 1174 625 Municipeliteten

236 647 436 720 componunt,
457 646 524 704 tum
545 642 686 703 officialis
701 659 720 702 a
734 643 988 720 Municipelitetc
1003 642 1122 702 electus
1134 643 1175 700 sint

237 736 354 814 publici
369 737 586 809 functionarii‚
602 741 639 796 ut
653 737 755 809 einnt,
772 736 988 796 iuramentum
1003 756 1024 797 a
1036 738 1175 798 Conventa

235 831 399 892 Nationeli
420 831 646 908 praescriptum
669 830 835 890 emiserint
858 847 1021 889 necessum
1047 834 1176 905 est3qne·

236 927 366 1001 propter
387 927 546 998 tamquam
568 922 775 982 schismaticis
790 929 847 982 aut
866 924 904 981 ad
926 923 1034 982 minus
1046 928 1174 998 tamquam

237 1015 416 1076 schismatis
444 1015 585 1075 fautores
612 1016 682 1075 iure
708 1017 823 1076 merito
855 1019 1062 1093 reputantur.
1087 1014 1175 1076 Extis

238 1113 343 1170 eutem
364 1111 442 1169 illud
465 1127 653 1185 consequens
682 1117 755 1182 est,
777 1110 936 1170 abstinere
969 1110 1099 1170 omnino
1123 1109 1160 1166 fid

237 1203 284 1262 les
311 1203 463 1262 deberee
490 1203 702 1262 contrahendo
729 1203 930 1263 matrimonio
961 1221 1072 1264 coram
1102 1199 1175 1262 Mani·

238 1296 400 1374 cipalitete
422 1313 476 1354 seu
498 1312 601 1355 coram
624 1295 748 1357 officiali
769 1314 788 1356 e
809 1296 1068 1374 Municipelitete
1089 1297 1168 1363 elem

237 1408 276 1448 ne
298 1389 365 1448 ulla
385 1387 562 1448 schismatis
582 1393 767 1466 contagione
788 1390 1062 1466 polluentur.-3.
1086 1392 1177 1451 (lurm

235 1483 354 1542 idcirco
382 1483 490 1543 fideles
515 1483 627 1542 debere
656 1484 846 1544 contrahere
872 1486 1121 1544 matrimonium
1140 1495 1170 1540 co·

240 1593 315 1636 ram
347 1579 498 1648 tectibus,
522 1584 554 1636 et
585 1578 733 1653 quidem,
761 1579 870 1655 quoad
892 1581 971 1656 fieri
998 1581 1118 1655 possit,
1135 1591 1172 1634 ce·

238 1671 386 1742 tholicis,
420 1673 614 1747 priusquam
650 1670 918 1747 Municipalitati
948 1689 981 1732 ee
1017 1677 1171 1748 praesente

237 1766 379 1833 sistant,
404 1768 440 1822 ut
465 1763 690 1840 praescriptam
719 1782 738 1822 a
764 1765 927 1824 Nationeli
954 1765 1115 1825 Conventa
1136 1763 1171 1818 de·

237 1857 443 1917 cierationem
472 1855 601 1916 iaciant.
628 1859 671 1916 Et
694 1860 840 1933 quoniam
861 1859 1041 1934 complures
1065 1876 1101 1918 ex
1123 1855 1170 1914 istit

236 1951 383 2011 fidelibus
415 1970 474 2010 non
508 1956 640 2027 possunt
668 1951 793 2010 omnino
822 1952 1001 2028 legitimum
1032 1953 1168 2029 parochia

237 2045 375 2115 hebere,
397 2043 531 2103 istorum
555 2043 695 2119 profecto
727 2044 873 2120 coniugia
900 2049 1069 2104 contracta
1093 2055 1165 2102 cornu

238 2138 372 2197 testibus
384 2142 417 2196 et
428 2137 494 2195 eine
506 2138 635 2213 parochi
649 2137 839 2213 praesentia,
852 2137 879 2198 si
892 2139 972 2198 nihil
984 2138 1071 2198 aliud
1084 2135 1160 2196 obstet

238 2240 269 2291 et
282 2232 407 2301 valida,
425 2239 455 2289 et
478 2231 573 2290 licita
586 2234 692 2302 erunt,
711 2235 747 2290 ut
761 2248 851 2307 saepe
867 2232 991 2308 saepius
1005 2233 1154 2292 declaretur

238 2322 338 2384 suita
365 2325 397 2384 s.
421 2323 670 2400 congregatione
690 2306 820 2384 concilii
843 2324 1026 2384 'eridanum
1046 2326 1154 2396 inan

237 2419 355 2478 te.-4.
379 2417 474 2476 Nihil
495 2423 598 2476 tamen
621 2417 855 2492 impedimento
872 2433 952 2488 esse,
970 2412 1158 2494 promiansi

237 2509 321 2570 deles
341 2517 379 2568 at
399 2511 552 2569 civilium
569 2511 745 2584 potiantur
766 2511 949 2586 effectibus,
963 2511 1161 2585 praescriptae

238 2621 260 2664 a
278 2603 451 2662 Natioaalt
474 2599 644 2662 Conventa
664 2602 917 2662 declarationem
937 2605 1085 2680 faciant,
1107 2595 1162 2658 iilud

237 2713 359 2771 semper
376 2713 458 2772 prae
479 2694 776 2766 oculishabecter,
799 2697 928 2754 nullam
956 2699 996 2756 ab
1024 2699 1095 2773 ipsis
1111 2703 1163 2751 tenc

237 2789 390 2854 contrahi
404 2790 663 2860 matrimonium,
676 2790 731 2848 sed
746 2797 853 2849 actam
867 2806 953 2850 mere
968 2793 1089 2850 civilem
1100 2799 1177 2844 cccr-¹

237 2881 531 2944 cert-moenum
543 2880 575 2940 in
588 2881 733 2956 praefata
743 2882 955 2942 declaratione
970 2883 1101 2944 faciende
1112 2889 1163 2954 pree

236 2975 336 3036 oculis
357 2975 466 3036 haberi
494 2975 609 3036 dehere
639 2975 863 3036 saluberrimas
892 2977 1041 3053 regulas,
1060 2990 1125 3051 queo
1141 2985 1164 3026 u

237 3070 275 3129 de
296 3086 332 3127 re
355 3070 506 3145 leguntur
527 3070 560 3127 iu
582 3068 793 3128 instructione
808 3069 894 3128 iussu
916 3065 1163 3130 Sanctitntinsm

237 3165 370 3222 exarata
382 3161 431 3221 die
445 3163 485 3222 26
499 3162 692 3238 Septembris
710 3161 785 3222 1791
802 3180 896 3238 super
909 3163 1176 3239 quibusdamque·

234 3253 391 3313 ¹rationibus
411 3272 431 3315 a
451 3253 626 3316 Galliarum
648 3254 806 3331 Episcopis
827 3255 1007 3330 propositis.
1173 3291 1178 3348 p

298 3349 427 3422 Romae,
450 3347 499 3406 die
520 3348 656 3408 XXVlll
677 3348 755 3407 Maii
776 3348 979 3410 Moccxon.
1172 3355 1178 3433 p

697 3441 737 3500 F.
754 3441 794 3500 X.
814 3439 912 3500 Gara.
929 3438 1099 3502 deletam.
1177 3429 1178 3454 ¹
