2374 4196
633 315 671 330 -
693 285 754 346 372
774 313 812 327 -

242 398 348 453 torum
362 391 520 451 Ecclesiae
534 391 709 468 gallicanae
723 391 999 464 detrimentorum,
1016 407 1068 448 non
1081 390 1171 466 extgue

242 486 361 548 accedit
380 485 497 545 doloris
510 503 583 562 pars
603 503 643 545 ex
664 485 858 562 vobisipsis,
875 501 945 543 cum
960 483 1048 544 illata
1060 483 1171 560 capitulo

200 573 201 576 ¹
239 583 361 650 vestro,
377 579 503 654 eiusque
519 578 639 638 iuribus
654 581 765 638 damna
778 579 809 636 in
830 580 895 639 Nos
910 579 992 654 ipsos
1006 577 1169 654 potissimum

241 673 417 733 redundare
445 671 672 731 existimemus.
695 673 756 732 Sed
778 689 922 748 magnum
950 671 1044 730 etiam
1064 669 1171 730 solamen

242 785 261 826 a
282 769 315 825 te
337 766 460 842 tuisque
481 764 512 823 in
534 765 664 825 Domino
686 765 846 824 sororibus
868 765 1066 841 percipimus,
1080 758 1173 820 intelli-

244 862 353 936 gentes
375 859 498 934 qualem
512 859 647 918 animum
671 863 736 917 tam
750 861 881 918 adverso
904 862 1045 936 tempore
1059 855 1173 916 exhibea-

242 955 296 1027 tis,
315 954 401 1031 quali
424 952 571 1011 nimirum
600 951 703 1011 studio
724 952 757 1010 in
777 951 948 1012 Ecclesiam
970 967 1121 1026 sacrasque
1137 961 1173 1004 reu

241 1045 490 1117 inflammemini3
506 1046 647 1104 vestrum
662 1047 830 1120 propterea
845 1045 956 1116 zelum,
975 1043 1127 1114 virtutem,
1139 1057 1173 1098 re·

241 1140 392 1218 ilgionem
412 1139 618 1216 agnoscimus,
635 1139 845 1215 maioremque
866 1139 897 1197 in
913 1141 1036 1198 modum
1052 1153 1171 1196 commen·

242 1236 361 1295 damus.
378 1236 475 1294 Deum
497 1233 657 1308 Optimum
672 1231 844 1292 MaxImum
867 1231 1075 1304 obsecramus,
1089 1234 1120 1288 ut
1136 1243 1171 1284 noe

240 1345 297 1387 sua
318 1326 423 1404 gratia
450 1329 607 1386 sustentet
632 1343 667 1384 ac
689 1325 839 1398 roboret,
862 1343 1030 1402 precesque
1050 1327 1165 1390 Nostrae,

241 1438 318 1497 quas
338 1437 394 1496 pro
414 1419 615 1480 ecclesiarum
638 1421 770 1479 istarum
796 1420 883 1478 statu
905 1435 975 1477 cum
998 1418 1096 1478 vestri
1113 1413 1166 1490 cepi·

148 1511 150 1516 ’
242 1512 304 1572 tuli
325 1512 501 1573 rationibus
522 1513 686 1572 coniuncto
706 1515 744 1571 ad
766 1511 865 1588 ipsum
882 1511 1025 1587 quotidie
1047 1507 1169 1588 profundi-

240 1621 320 1677 mus,
337 1623 392 1666 sua
412 1605 609 1681 benignitate
630 1610 846 1682 prosequatur.
863 1607 909 1664 Ac
931 1605 962 1663 in
985 1607 1113 1668 Nostrae
1128 1602 1169 1660 siu·

242 1696 362 1774 gularis
381 1697 617 1758 benevolentIae
639 1701 771 1774 pignus,
792 1699 997 1774 apostolicam
1019 1695 1170 1758 benedictiu-

243 1808 309 1848 nem
326 1789 397 1863 tibi,
410 1789 527 1849 dilecta
540 1791 571 1848 in
587 1790 713 1850 Christo
727 1789 805 1861 filia,
819 1790 932 1848 nobilis
947 1791 1074 1864 mulier,
1087 1795 1168 1864 tuoque

240 1881 379 1960 capitulo
401 1886 600 1958 peramanter
621 1882 833 1958 impertimur.

299 1977 412 2036 Datum
435 1977 551 2035 Romae
572 1977 633 2033 etc.
658 1975 708 2033 die
729 1976 836 2036 XXIII
862 1976 1010 2037 Octobris
1031 1973 1176 2042 Muocxt„

236 2069 446 2131 Pontificatus
465 2067 577 2130 Nostri
599 2086 679 2129 anno
700 2070 786 2129 XVI.

1173 2231 1174 2277 l

703 2253 740 2304 4.

473 2367 625 2412 DIIAEG'I'AB
645 2365 680 2410 nt
700 2368 830 2411 cflmsuo
850 2369 956 2413 autina
1171 2427 1172 2461 1

341 2514 481 2575 NOBILI
502 2516 677 2575 MULIERI
698 2515 889 2575 ALOISIAE
904 2519 1098 2581 ADELAIDI
1170 2513 1171 2551 Ψ

342 2663 498 2735 Ducissoe
524 2673 722 2745 BorbocIac,
748 2673 894 2736 Condece
914 2677 1101 2740 Abbatieaac

359 2769 509 2846 Iasionis
519 2767 682 2829 Ecclesiae
694 2765 726 2826 S.
737 2768 831 2828 Petri
842 2769 1083 2834 Romcricecsic
1167 2769 1168 2828 l

444 2925 613 3005 PIUS
675 2926 868 3005 ΡΑΡΑ
925 2931 994 3008 VI.

257 3121 395 3179 Dilecta
408 3119 445 3178 in
461 3109 597 3176 christo
610 3118 714 3190 Filia,
726 3121 865 3179 Nobilis
878 3123 1018 3194 Mulier,
1031 3125 1131 3182 salute

326 3280 341 3291 k
418 3215 453 3270 et
473 3213 709 3281 apostolicam
723 3215 1021 3276 Benedicticnem.

298 3371 383 3437 Quod
405 3373 476 3446 tibi,
492 3372 608 3433 dilecta
628 3373 661 3432 iu
682 3374 810 3436 Christo
831 3375 909 3451 filia,
930 3377 1045 3438 nobilis
1064 3373 1147 3435 multu

239 3463 289 3523 die
309 3465 349 3525 23
369 3465 507 3526 octobris
527 3467 671 3544 proxime
692 3469 859 3547 praeteriti
880 3470 1128 3549 rescripsimus‚c

238 3562 310 3620 tuas
324 3559 544 3637 accepissemus
565 3560 692 3623 Iltteras
707 3581 769 3624 una
788 3580 856 3623 eum
871 3562 1027 3624 adiunctis
1041 3557 1137 3650 'protes'
