<?xml version="1.0" encoding="UTF-8"?>
<!DOCTYPE html PUBLIC "-//W3C//DTD XHTML 1.0 Transitional//EN"
    "http://www.w3.org/TR/xhtml1/DTD/xhtml1-transitional.dtd">
<html xmlns="http://www.w3.org/1999/xhtml" xml:lang="en" lang="en">
 <head>
  <title>
</title>
<meta http-equiv="Content-Type" content="text/html;charset=utf-8" />
  <meta name='ocr-system' content='tesseract 3.04.00' />
  <meta name='ocr-capabilities' content='ocr_page ocr_carea ocr_par ocr_line ocrx_word'/>
</head>
<body>
  <div class='ocr_page' id='page_1' title='image "./piivipontmaxact00piusgoog_0302.png"; bbox 0 0 2492 4202; ppageno 0'>
   <div class='ocr_carea' id='block_1_1' title="bbox 34 322 1000 1712">
    <p class='ocr_par' dir='ltr' id='par_1_1' title="bbox 34 322 1000 1523">
     <span class='ocr_line' id='line_1_1' title="bbox 36 322 999 402; baseline 0.007 -16"><span class='ocrx_word' id='word_1_1' title='bbox 36 325 201 386; x_wconf 86' lang='lat' dir='ltr'><strong>directioni</strong></span> <span class='ocrx_word' id='word_1_2' title='bbox 223 322 418 400; x_wconf 79' lang='lat' dir='ltr'><strong>regularium</strong></span> <span class='ocrx_word' id='word_1_3' title='bbox 442 323 651 387; x_wconf 79' lang='lat' dir='ltr'><strong>subiectarum</strong></span> <span class='ocrx_word' id='word_1_4' title='bbox 666 329 770 390; x_wconf 91' lang='lat' dir='ltr'><strong>omnia</strong></span> <span class='ocrx_word' id='word_1_5' title='bbox 784 329 918 402; x_wconf 86' lang='lat' dir='ltr'><strong>obeundi</strong></span> <span class='ocrx_word' id='word_1_6' title='bbox 932 349 999 393; x_wconf 89' lang='lat' dir='ltr'><strong>mu-</strong></span> 
     </span>
     <span class='ocr_line' id='line_1_2' title="bbox 35 417 997 506; baseline 0.007 -28"><span class='ocrx_word' id='word_1_7' title='bbox 35 421 83 482; x_wconf 89' lang='lat' dir='ltr'><strong>nia</strong></span> <span class='ocrx_word' id='word_1_8' title='bbox 106 419 308 506; x_wconf 76' lang='lat' dir='ltr'><strong>superiorum</strong></span> <span class='ocrx_word' id='word_1_9' title='bbox 330 417 604 495; x_wconf 77' lang='lat' dir='ltr'><strong>immediatorum,</strong></span> <span class='ocrx_word' id='word_1_10' title='bbox 630 423 882 502; x_wconf 80' lang='lat' dir='ltr'><strong>quotiescumque</strong></span> <span class='ocrx_word' id='word_1_11' title='bbox 903 425 997 486; x_wconf 90' lang='lat' dir='ltr'><strong>iidem</strong></span> 
     </span>
     <span class='ocr_line' id='line_1_3' title="bbox 35 512 999 596; baseline 0 -20"><span class='ocrx_word' id='word_1_12' title='bbox 35 517 177 576; x_wconf 77' lang='lat' dir='ltr'><strong>absentes</strong></span> <span class='ocrx_word' id='word_1_13' title='bbox 198 515 306 586; x_wconf 91' lang='lat' dir='ltr'><strong>erunt,</strong></span> <span class='ocrx_word' id='word_1_14' title='bbox 328 515 385 572; x_wconf 90' lang='lat' dir='ltr'><strong>aut</strong></span> <span class='ocrx_word' id='word_1_15' title='bbox 405 512 562 590; x_wconf 91' lang='lat' dir='ltr'><strong>impediti,</strong></span> <span class='ocrx_word' id='word_1_16' title='bbox 581 514 633 574; x_wconf 86' lang='lat' dir='ltr'><strong>vel</strong></span> <span class='ocrx_word' id='word_1_17' title='bbox 647 515 679 574; x_wconf 93' lang='lat' dir='ltr'><strong>in</strong></span> <span class='ocrx_word' id='word_1_18' title='bbox 695 517 884 592; x_wconf 87' lang='lat' dir='ltr'><strong>providendo</strong></span> <span class='ocrx_word' id='word_1_19' title='bbox 899 517 999 596; x_wconf 90' lang='lat' dir='ltr'><strong>negli-</strong></span> 
     </span>
     <span class='ocr_line' id='line_1_4' title="bbox 35 605 1000 688; baseline 0.006 -20"><span class='ocrx_word' id='word_1_20' title='bbox 35 613 142 686; x_wconf 79' lang='lat' dir='ltr'>gentes</span> <span class='ocrx_word' id='word_1_21' title='bbox 165 607 265 667; x_wconf 85' lang='lat' dir='ltr'><strong>officic</strong></span> <span class='ocrx_word' id='word_1_22' title='bbox 286 607 431 678; x_wconf 91' lang='lat' dir='ltr'><strong>deerunt,</strong></span> <span class='ocrx_word' id='word_1_23' title='bbox 453 605 500 667; x_wconf 86' lang='lat' dir='ltr'><strong>ita</strong></span> <span class='ocrx_word' id='word_1_24' title='bbox 521 611 558 667; x_wconf 91' lang='lat' dir='ltr'><strong>nt</strong></span> <span class='ocrx_word' id='word_1_25' title='bbox 578 610 749 685; x_wconf 89' lang='lat' dir='ltr'><strong>procedant</strong></span> <span class='ocrx_word' id='word_1_26' title='bbox 763 617 932 688; x_wconf 77' lang='lat' dir='ltr'><strong>tamquam</strong></span> <span class='ocrx_word' id='word_1_27' title='bbox 945 611 1000 674; x_wconf 85' lang='lat' dir='ltr'><strong>Sc·</strong></span> 
     </span>
     <span class='ocr_line' id='line_1_5' title="bbox 35 699 999 780; baseline 0.005 -20"><span class='ocrx_word' id='word_1_28' title='bbox 35 703 82 760; x_wconf 83' lang='lat' dir='ltr'><strong>dis</strong></span> <span class='ocrx_word' id='word_1_29' title='bbox 103 701 302 778; x_wconf 79' lang='lat' dir='ltr'><strong>apostolicae</strong></span> <span class='ocrx_word' id='word_1_30' title='bbox 322 699 467 776; x_wconf 72' lang='lat' dir='ltr'><strong>delegati</strong></span> <span class='ocrx_word' id='word_1_31' title='bbox 470 721 484 770; x_wconf 94' lang='lat'><strong>,·</strong></span> <span class='ocrx_word' id='word_1_32' title='bbox 494 700 582 762; x_wconf 88' lang='lat' dir='ltr'><strong>salvo</strong></span> <span class='ocrx_word' id='word_1_33' title='bbox 596 704 700 761; x_wconf 88' lang='lat' dir='ltr'><strong>tamen</strong></span> <span class='ocrx_word' id='word_1_34' title='bbox 716 702 797 774; x_wconf 87' lang='lat' dir='ltr'><strong>iure,</strong></span> <span class='ocrx_word' id='word_1_35' title='bbox 812 703 891 780; x_wconf 92' lang='lat' dir='ltr'><strong>quod</strong></span> <span class='ocrx_word' id='word_1_36' title='bbox 907 703 999 766; x_wconf 85' lang='lat' dir='ltr'><strong>iuxta</strong></span> 
     </span>
     <span class='ocr_line' id='line_1_6' title="bbox 35 791 999 873; baseline 0.003 -20"><span class='ocrx_word' id='word_1_37' title='bbox 35 793 198 854; x_wconf 89' lang='lat' dir='ltr'><strong>canonicas</strong></span> <span class='ocrx_word' id='word_1_38' title='bbox 219 791 396 853; x_wconf 76' lang='lat' dir='ltr'><strong>sanctiones</strong></span> <span class='ocrx_word' id='word_1_39' title='bbox 416 793 449 852; x_wconf 93' lang='lat' dir='ltr'><strong>in</strong></span> <span class='ocrx_word' id='word_1_40' title='bbox 472 796 594 854; x_wconf 91' lang='lat' dir='ltr'><strong>easdem</strong></span> <span class='ocrx_word' id='word_1_41' title='bbox 616 797 741 868; x_wconf 92' lang='lat' dir='ltr'><strong>domos,</strong></span> <span class='ocrx_word' id='word_1_42' title='bbox 764 795 831 856; x_wconf 87' lang='lat' dir='ltr'><strong>sive</strong></span> <span class='ocrx_word' id='word_1_43' title='bbox 851 811 999 873; x_wconf 85' lang='lat' dir='ltr'><strong>personas</strong></span> 
     </span>
     <span class='ocr_line' id='line_1_7' title="bbox 35 884 998 967; baseline 0.005 -21"><span class='ocrx_word' id='word_1_44' title='bbox 35 904 229 963; x_wconf 82' lang='lat' dir='ltr'><strong>quocumque</strong></span> <span class='ocrx_word' id='word_1_45' title='bbox 251 902 290 944; x_wconf 88' lang='lat' dir='ltr'><strong>ex</strong></span> <span class='ocrx_word' id='word_1_46' title='bbox 312 884 409 946; x_wconf 90' lang='lat' dir='ltr'><strong>titulo</strong></span> <span class='ocrx_word' id='word_1_47' title='bbox 431 886 494 946; x_wconf 93' lang='lat' dir='ltr'><strong>iam</strong></span> <span class='ocrx_word' id='word_1_48' title='bbox 515 887 630 948; x_wconf 88' lang='lat' dir='ltr'><strong>habere</strong></span> <span class='ocrx_word' id='word_1_49' title='bbox 652 892 846 948; x_wconf 89' lang='lat' dir='ltr'><strong>noscuntur:</strong></span> <span class='ocrx_word' id='word_1_50' title='bbox 874 889 998 967; x_wconf 88' lang='lat' dir='ltr'><strong>pariter</strong></span> 
     </span>
     <span class='ocr_line' id='line_1_8' title="bbox 35 979 998 1059; baseline 0.007 -21"><span class='ocrx_word' id='word_1_51' title='bbox 35 981 170 1050; x_wconf 89' lang='lat' dir='ltr'><strong>iisdem,</strong></span> <span class='ocrx_word' id='word_1_52' title='bbox 192 983 350 1056; x_wconf 90' lang='lat' dir='ltr'><strong>tamquam</strong></span> <span class='ocrx_word' id='word_1_53' title='bbox 379 979 468 1039; x_wconf 88' lang='lat' dir='ltr'><strong>Sedis</strong></span> <span class='ocrx_word' id='word_1_54' title='bbox 494 981 684 1058; x_wconf 87' lang='lat' dir='ltr'><strong>apostolicae</strong></span> <span class='ocrx_word' id='word_1_55' title='bbox 705 981 880 1059; x_wconf 88' lang='lat' dir='ltr'><strong>delegatis,</strong></span> <span class='ocrx_word' id='word_1_56' title='bbox 904 983 998 1045; x_wconf 89' lang='lat' dir='ltr'><strong>datur</strong></span> 
     </span>
     <span class='ocr_line' id='line_1_9' title="bbox 34 1070 996 1153; baseline 0.006 -23"><span class='ocrx_word' id='word_1_57' title='bbox 34 1071 171 1132; x_wconf 72' lang='lat' dir='ltr'><strong>facultas</strong></span> <span class='ocrx_word' id='word_1_58' title='bbox 192 1070 380 1130; x_wconf 86' lang='lat' dir='ltr'><strong>concedendi</strong></span> <span class='ocrx_word' id='word_1_59' title='bbox 400 1071 633 1134; x_wconf 89' lang='lat' dir='ltr'><strong>immunitatem</strong></span> <span class='ocrx_word' id='word_1_60' title='bbox 655 1072 814 1151; x_wconf 84' lang='lat' dir='ltr'><strong>religiosis</strong></span> <span class='ocrx_word' id='word_1_61' title='bbox 832 1074 996 1153; x_wconf 89' lang='lat' dir='ltr'><strong>utriusque</strong></span> 
     </span>
     <span class='ocr_line' id='line_1_10' title="bbox 35 1164 995 1242; baseline 0.004 -16"><span class='ocrx_word' id='word_1_62' title='bbox 35 1184 125 1226; x_wconf 84' lang='lat' dir='ltr'><strong>sexus</strong></span> <span class='ocrx_word' id='word_1_63' title='bbox 147 1165 246 1225; x_wconf 88' lang='lat' dir='ltr'><strong>etiam</strong></span> <span class='ocrx_word' id='word_1_64' title='bbox 267 1164 443 1242; x_wconf 83' lang='lat' dir='ltr'><strong>exemptis,</strong></span> <span class='ocrx_word' id='word_1_65' title='bbox 465 1168 534 1226; x_wconf 92' lang='lat' dir='ltr'><strong>tum</strong></span> <span class='ocrx_word' id='word_1_66' title='bbox 556 1166 697 1226; x_wconf 91' lang='lat' dir='ltr'><strong>omnibus</strong></span> <span class='ocrx_word' id='word_1_67' title='bbox 716 1166 904 1239; x_wconf 83' lang='lat' dir='ltr'><strong>collective,</strong></span> <span class='ocrx_word' id='word_1_68' title='bbox 927 1171 995 1230; x_wconf 90' lang='lat' dir='ltr'><strong>tum</strong></span> 
     </span>
     <span class='ocr_line' id='line_1_11' title="bbox 35 1258 998 1337; baseline 0.002 -19"><span class='ocrx_word' id='word_1_69' title='bbox 35 1259 200 1337; x_wconf 84' lang='lat' dir='ltr'><strong>speciatim</strong></span> <span class='ocrx_word' id='word_1_70' title='bbox 222 1258 377 1336; x_wconf 88' lang='lat' dir='ltr'><strong>singulis,</strong></span> <span class='ocrx_word' id='word_1_71' title='bbox 400 1258 438 1319; x_wconf 91' lang='lat' dir='ltr'><strong>ab</strong></span> <span class='ocrx_word' id='word_1_72' title='bbox 459 1277 496 1318; x_wconf 88' lang='lat' dir='ltr'><strong>aa</strong></span> <span class='ocrx_word' id='word_1_73' title='bbox 516 1260 699 1337; x_wconf 89' lang='lat' dir='ltr'><strong>regularum</strong></span> <span class='ocrx_word' id='word_1_74' title='bbox 721 1262 777 1321; x_wconf 91' lang='lat' dir='ltr'><strong>aut</strong></span> <span class='ocrx_word' id='word_1_75' title='bbox 797 1260 998 1321; x_wconf 90' lang='lat' dir='ltr'><strong>constitutio·</strong></span> 
     </span>
     <span class='ocr_line' id='line_1_12' title="bbox 34 1353 997 1432; baseline 0.003 -21"><span class='ocrx_word' id='word_1_76' title='bbox 34 1371 105 1414; x_wconf 89' lang='lat' dir='ltr'><strong>num</strong></span> <span class='ocrx_word' id='word_1_77' title='bbox 121 1356 214 1430; x_wconf 90' lang='lat' dir='ltr'><strong>parte</strong></span> <span class='ocrx_word' id='word_1_78' title='bbox 237 1353 445 1428; x_wconf 83' lang='lat' dir='ltr'><strong>observanda,</strong></span> <span class='ocrx_word' id='word_1_79' title='bbox 460 1370 552 1430; x_wconf 90' lang='lat' dir='ltr'><strong>quam</strong></span> <span class='ocrx_word' id='word_1_80' title='bbox 567 1354 600 1412; x_wconf 93' lang='lat' dir='ltr'><strong>in</strong></span> <span class='ocrx_word' id='word_1_81' title='bbox 616 1354 773 1432; x_wconf 85' lang='lat' dir='ltr'><strong>praesenti</strong></span> <span class='ocrx_word' id='word_1_82' title='bbox 788 1371 896 1414; x_wconf 89' lang='lat' dir='ltr'><strong>rerum</strong></span> <span class='ocrx_word' id='word_1_83' title='bbox 910 1359 997 1416; x_wconf 87' lang='lat' dir='ltr'><strong>statu</strong></span> 
     </span>
     <span class='ocr_line' id='line_1_13' title="bbox 35 1444 854 1523; baseline 0 -17"><span class='ocrx_word' id='word_1_84' title='bbox 35 1447 149 1523; x_wconf 87' lang='lat' dir='ltr'><strong>absque</strong></span> <span class='ocrx_word' id='word_1_85' title='bbox 173 1445 265 1522; x_wconf 84' lang='lat' dir='ltr'><strong>gravi</strong></span> <span class='ocrx_word' id='word_1_86' title='bbox 286 1444 478 1504; x_wconf 85' lang='lat' dir='ltr'><strong>incommodo</strong></span> <span class='ocrx_word' id='word_1_87' title='bbox 499 1445 668 1506; x_wconf 88' lang='lat' dir='ltr'><strong>observare</strong></span> <span class='ocrx_word' id='word_1_88' title='bbox 684 1448 854 1522; x_wconf 89' lang='lat' dir='ltr'><strong>nequeunt.</strong></span> 
     </span>
    </p>

    <p class='ocr_par' dir='ltr' id='par_1_2' title="bbox 37 1537 1000 1712">
     <span class='ocr_line' id='line_1_14' title="bbox 95 1537 998 1617; baseline 0.002 -17"><span class='ocrx_word' id='word_1_89' title='bbox 95 1541 147 1600; x_wconf 91' lang='lat' dir='ltr'><strong>ll.</strong></span> <span class='ocrx_word' id='word_1_90' title='bbox 172 1537 217 1598; x_wconf 81' lang='lat' dir='ltr'><strong>Ia</strong></span> <span class='ocrx_word' id='word_1_91' title='bbox 238 1540 378 1599; x_wconf 80' lang='lat' dir='ltr'><strong>articulo</strong></span> <span class='ocrx_word' id='word_1_92' title='bbox 405 1541 519 1599; x_wconf 83' lang='lat' dir='ltr'><strong>martis</strong></span> <span class='ocrx_word' id='word_1_93' title='bbox 545 1540 789 1616; x_wconf 71' lang='lat' dir='ltr'><strong>indiligentiam</strong></span> <span class='ocrx_word' id='word_1_94' title='bbox 809 1544 998 1617; x_wconf 78' lang='lat' dir='ltr'><strong>plenariam</strong></span> 
     </span>
     <span class='ocr_line' id='line_1_15' title="bbox 37 1631 1000 1712; baseline 0.004 -21"><span class='ocrx_word' id='word_1_95' title='bbox 37 1631 262 1711; x_wconf 77' lang='lat' dir='ltr'><strong>impertiendi,</strong></span> <span class='ocrx_word' id='word_1_96' title='bbox 285 1631 377 1692; x_wconf 86' lang='lat' dir='ltr'><strong>iuxta</strong></span> <span class='ocrx_word' id='word_1_97' title='bbox 397 1632 563 1693; x_wconf 84' lang='lat' dir='ltr'><strong>formulam</strong></span> <span class='ocrx_word' id='word_1_98' title='bbox 584 1651 604 1692; x_wconf 90' lang='lat' dir='ltr'><strong>a</strong></span> <span class='ocrx_word' id='word_1_99' title='bbox 624 1632 791 1692; x_wconf 89' lang='lat' dir='ltr'><strong>Benedicta</strong></span> <span class='ocrx_word' id='word_1_100' title='bbox 806 1634 892 1694; x_wconf 90' lang='lat' dir='ltr'>XIV.</span> <span class='ocrx_word' id='word_1_101' title='bbox 909 1652 1000 1712; x_wconf 88' lang='lat' dir='ltr'><strong>prae·</strong></span> 
     </span>
    </p>
   </div>
   <div class='ocr_carea' id='block_1_2' title="bbox 36 1725 1070 1880">
    <p class='ocr_par' dir='ltr' id='par_1_3' title="bbox 36 1725 1070 1880">
     <span class='ocr_line' id='line_1_16' title="bbox 36 1725 1070 1806; baseline -0.003 -17"><span class='ocrx_word' id='word_1_102' title='bbox 36 1728 186 1804; x_wconf 86' lang='lat' dir='ltr'><strong>scriptam</strong></span> <span class='ocrx_word' id='word_1_103' title='bbox 207 1725 240 1785; x_wconf 89' lang='lat' dir='ltr'><strong>in</strong></span> <span class='ocrx_word' id='word_1_104' title='bbox 262 1743 317 1786; x_wconf 90' lang='lat' dir='ltr'><strong>sua</strong></span> <span class='ocrx_word' id='word_1_105' title='bbox 338 1725 561 1786; x_wconf 87' lang='lat' dir='ltr'><strong>constitutione</strong></span> <span class='ocrx_word' id='word_1_106' title='bbox 583 1729 656 1788; x_wconf 89' lang='lat' dir='ltr'><strong>data</strong></span> <span class='ocrx_word' id='word_1_107' title='bbox 676 1726 725 1786; x_wconf 89' lang='lat' dir='ltr'><strong>die</strong></span> <span class='ocrx_word' id='word_1_108' title='bbox 741 1729 761 1786; x_wconf 88' lang='grc'>7</span> <span class='ocrx_word' id='word_1_109' title='bbox 779 1727 892 1787; x_wconf 89' lang='lat' dir='ltr'><strong>mensis</strong></span> <span class='ocrx_word' id='word_1_110' title='bbox 906 1727 1000 1806; x_wconf 90' lang='lat' dir='ltr'><strong>Apri·</strong></span> <span class='ocrx_word' id='word_1_111' title='bbox 1069 1747 1070 1750; x_wconf 44' lang='lat'>¹</span> 
     </span>
     <span class='ocr_line' id='line_1_17' title="bbox 37 1821 190 1880; baseline -0.007 0"><span class='ocrx_word' id='word_1_112' title='bbox 37 1821 73 1880; x_wconf 90' lang='lat' dir='ltr'><strong>lis</strong></span> <span class='ocrx_word' id='word_1_113' title='bbox 97 1822 190 1880; x_wconf 83' lang='lat'>1747.</span> 
     </span>
    </p>
   </div>
   <div class='ocr_carea' id='block_1_3' title="bbox 37 1913 1081 2092">
    <p class='ocr_par' dir='ltr' id='par_1_4' title="bbox 37 1913 1081 2092">
     <span class='ocr_line' id='line_1_18' title="bbox 94 1913 1081 1992; baseline 0.001 -18"><span class='ocrx_word' id='word_1_114' title='bbox 94 1915 146 1974; x_wconf 82' lang='lat'><strong>12.</strong></span> <span class='ocrx_word' id='word_1_115' title='bbox 163 1913 361 1973; x_wconf 82' lang='lat' dir='ltr'><strong>Reaccaadi</strong></span> <span class='ocrx_word' id='word_1_116' title='bbox 381 1923 412 1973; x_wconf 83' lang='lat' dir='ltr'><strong>et</strong></span> <span class='ocrx_word' id='word_1_117' title='bbox 429 1915 634 1992; x_wconf 74' lang='lat' dir='ltr'><strong>prorogandi</strong></span> <span class='ocrx_word' id='word_1_118' title='bbox 648 1913 861 1992; x_wconf 85' lang='lat' dir='ltr'><strong>indulgentias</strong></span> <span class='ocrx_word' id='word_1_119' title='bbox 876 1931 895 1973; x_wconf 88' lang='lat' dir='ltr'><strong>a</strong></span> <span class='ocrx_word' id='word_1_120' title='bbox 909 1913 999 1974; x_wconf 88' lang='lat' dir='ltr'><strong>Sum·</strong></span> <span class='ocrx_word' id='word_1_121' title='bbox 1077 1971 1081 1975; x_wconf 83' lang='lat'><em>.</em></span> 
     </span>
     <span class='ocr_line' id='line_1_19' title="bbox 37 2005 998 2092; baseline -0.002 -25"><span class='ocrx_word' id='word_1_122' title='bbox 37 2010 93 2068; x_wconf 88' lang='lat' dir='ltr'><strong>mis</strong></span> <span class='ocrx_word' id='word_1_123' title='bbox 114 2005 322 2067; x_wconf 86' lang='lat' dir='ltr'><strong>Pontificibus</strong></span> <span class='ocrx_word' id='word_1_124' title='bbox 351 2006 508 2083; x_wconf 80' lang='lat' dir='ltr'><strong>religiosis</strong></span> <span class='ocrx_word' id='word_1_125' title='bbox 538 2008 700 2080; x_wconf 91' lang='lat' dir='ltr'><strong>domibus,</strong></span> <span class='ocrx_word' id='word_1_126' title='bbox 722 2011 756 2067; x_wconf 91' lang='lat' dir='ltr'><strong>et</strong></span> <span class='ocrx_word' id='word_1_127' title='bbox 777 2006 998 2092; x_wconf 83' lang='lat' dir='ltr'><strong>congregatio-</strong></span> 
     </span>
    </p>
   </div>
   <div class='ocr_carea' id='block_1_4' title="bbox 37 2100 1000 3572">
    <p class='ocr_par' dir='ltr' id='par_1_5' title="bbox 37 2100 999 2627">
     <span class='ocr_line' id='line_1_20' title="bbox 39 2100 997 2180; baseline 0.002 -22"><span class='ocrx_word' id='word_1_128' title='bbox 39 2101 126 2160; x_wconf 92' lang='lat' dir='ltr'><strong>nibus</strong></span> <span class='ocrx_word' id='word_1_129' title='bbox 149 2101 188 2158; x_wconf 90' lang='lat' dir='ltr'><strong>ad</strong></span> <span class='ocrx_word' id='word_1_130' title='bbox 210 2103 334 2176; x_wconf 87' lang='lat' dir='ltr'><strong>tempus</strong></span> <span class='ocrx_word' id='word_1_131' title='bbox 356 2117 536 2174; x_wconf 89' lang='lat' dir='ltr'><strong>concessas,</strong></span> <span class='ocrx_word' id='word_1_132' title='bbox 558 2104 653 2180; x_wconf 90' lang='lat' dir='ltr'><strong>prout</strong></span> <span class='ocrx_word' id='word_1_133' title='bbox 673 2100 846 2178; x_wconf 86' lang='lat' dir='ltr'><strong>postulabit</strong></span> <span class='ocrx_word' id='word_1_134' title='bbox 867 2117 997 2177; x_wconf 90' lang='lat' dir='ltr'><strong>rerum,</strong></span> 
     </span>
     <span class='ocr_line' id='line_1_21' title="bbox 42 2193 997 2272; baseline 0.004 -22"><span class='ocrx_word' id='word_1_135' title='bbox 42 2193 85 2252; x_wconf 81' lang='lat' dir='ltr'><strong>rel</strong></span> <span class='ocrx_word' id='word_1_136' title='bbox 109 2196 287 2268; x_wconf 87' lang='lat' dir='ltr'><strong>temporum</strong></span> <span class='ocrx_word' id='word_1_137' title='bbox 303 2193 493 2264; x_wconf 78' lang='lat' dir='ltr'><strong>necessitas3</strong></span> <span class='ocrx_word' id='word_1_138' title='bbox 523 2195 599 2254; x_wconf 91' lang='lat' dir='ltr'><strong>item</strong></span> <span class='ocrx_word' id='word_1_139' title='bbox 625 2193 850 2272; x_wconf 74' lang='lat' dir='ltr'><strong>transferendi</strong></span> <span class='ocrx_word' id='word_1_140' title='bbox 869 2209 997 2269; x_wconf 78' lang='lat' dir='ltr'><strong>omnes,</strong></span> 
     </span>
     <span class='ocr_line' id='line_1_22' title="bbox 38 2272 998 2365; baseline 0.002 -21"><span class='ocrx_word' id='word_1_141' title='bbox 38 2293 66 2345; x_wconf 89' lang='lat' dir='ltr'><strong>et</strong></span> <span class='ocrx_word' id='word_1_142' title='bbox 85 2303 297 2363; x_wconf 88' lang='lat' dir='ltr'><strong>quascumque</strong></span> <span class='ocrx_word' id='word_1_143' title='bbox 323 2287 537 2364; x_wconf 84' lang='lat' dir='ltr'><strong>indulgentias</strong></span> <span class='ocrx_word' id='word_1_144' title='bbox 565 2272 745 2360; x_wconf 89' lang='lat' dir='ltr'><strong>concessas,</strong></span> <span class='ocrx_word' id='word_1_145' title='bbox 769 2291 802 2348; x_wconf 89' lang='lat' dir='ltr'><strong>et</strong></span> <span class='ocrx_word' id='word_1_146' title='bbox 822 2286 998 2365; x_wconf 86' lang='lat' dir='ltr'><strong>assignatas</strong></span> 
     </span>
     <span class='ocr_line' id='line_1_23' title="bbox 37 2377 996 2459; baseline 0.003 -21"><span class='ocrx_word' id='word_1_147' title='bbox 37 2378 148 2454; x_wconf 78' lang='lat' dir='ltr'><strong>quovis</strong></span> <span class='ocrx_word' id='word_1_148' title='bbox 163 2377 260 2438; x_wconf 92' lang='lat' dir='ltr'><strong>titulo</strong></span> <span class='ocrx_word' id='word_1_149' title='bbox 271 2379 418 2439; x_wconf 76' lang='lat' dir='ltr'><strong>Ecclesiis</strong></span> <span class='ocrx_word' id='word_1_150' title='bbox 429 2381 673 2454; x_wconf 85' lang='lat' dir='ltr'><strong>cathedralibus,</strong></span> <span class='ocrx_word' id='word_1_151' title='bbox 687 2383 742 2442; x_wconf 90' lang='lat' dir='ltr'><strong>aut</strong></span> <span class='ocrx_word' id='word_1_152' title='bbox 753 2380 996 2459; x_wconf 67' lang='lat' dir='ltr'><strong>parochialibus</strong></span> 
     </span>
     <span class='ocr_line' id='line_1_24' title="bbox 38 2471 999 2551; baseline 0.002 -21"><span class='ocrx_word' id='word_1_153' title='bbox 38 2489 110 2547; x_wconf 88' lang='lat' dir='ltr'><strong>quas</strong></span> <span class='ocrx_word' id='word_1_154' title='bbox 120 2471 268 2531; x_wconf 83' lang='lat' dir='ltr'><strong>invasere</strong></span> <span class='ocrx_word' id='word_1_155' title='bbox 280 2473 563 2548; x_wconf 86' lang='lat' dir='ltr'><strong>pseudo-pastores,</strong></span> <span class='ocrx_word' id='word_1_156' title='bbox 573 2475 610 2534; x_wconf 93' lang='lat' dir='ltr'><strong>ad</strong></span> <span class='ocrx_word' id='word_1_157' title='bbox 625 2473 698 2533; x_wconf 88' lang='lat' dir='ltr'><strong>illas</strong></span> <span class='ocrx_word' id='word_1_158' title='bbox 710 2473 877 2546; x_wconf 83' lang='lat' dir='ltr'><strong>Ecclesias,</strong></span> <span class='ocrx_word' id='word_1_159' title='bbox 888 2474 919 2532; x_wconf 92' lang='lat' dir='ltr'><strong>in</strong></span> <span class='ocrx_word' id='word_1_160' title='bbox 931 2473 999 2551; x_wconf 91' lang='lat' dir='ltr'><strong>qui-</strong></span> 
     </span>
     <span class='ocr_line' id='line_1_25' title="bbox 39 2563 976 2627; baseline 0.004 -5"><span class='ocrx_word' id='word_1_161' title='bbox 39 2565 91 2625; x_wconf 88' lang='lat' dir='ltr'><strong>bus</strong></span> <span class='ocrx_word' id='word_1_162' title='bbox 102 2563 254 2624; x_wconf 85' lang='lat' dir='ltr'><strong>catholici</strong></span> <span class='ocrx_word' id='word_1_163' title='bbox 266 2565 459 2625; x_wconf 85' lang='lat' dir='ltr'><strong>conveniunt</strong></span> <span class='ocrx_word' id='word_1_164' title='bbox 471 2566 611 2626; x_wconf 81' lang='lat' dir='ltr'><strong>divinum</strong></span> <span class='ocrx_word' id='word_1_165' title='bbox 624 2565 756 2624; x_wconf 88' lang='lat' dir='ltr'><strong>officium</strong></span> <span class='ocrx_word' id='word_1_166' title='bbox 774 2565 976 2627; x_wconf 87' lang='lat' dir='ltr'><strong>celebraturi.</strong></span> 
     </span>
    </p>

    <p class='ocr_par' dir='ltr' id='par_1_6' title="bbox 38 2655 1000 3572">
     <span class='ocr_line' id='line_1_26' title="bbox 96 2655 1000 2736; baseline 0.002 -18"><span class='ocrx_word' id='word_1_167' title='bbox 96 2659 147 2718; x_wconf 92' lang='grc'><strong>13.</strong></span> <span class='ocrx_word' id='word_1_168' title='bbox 167 2655 438 2718; x_wconf 76' lang='lat' dir='ltr'><strong>Communicaadi</strong></span> <span class='ocrx_word' id='word_1_169' title='bbox 457 2658 634 2736; x_wconf 89' lang='lat' dir='ltr'><strong>praedictas</strong></span> <span class='ocrx_word' id='word_1_170' title='bbox 654 2659 843 2734; x_wconf 80' lang='lat' dir='ltr'><strong>facultates,</strong></span> <span class='ocrx_word' id='word_1_171' title='bbox 867 2678 926 2718; x_wconf 91' lang='lat' dir='ltr'><strong>non</strong></span> <span class='ocrx_word' id='word_1_172' title='bbox 950 2664 1000 2720; x_wconf 91' lang='lat' dir='ltr'><strong>ta-</strong></span> 
     </span>
     <span class='ocr_line' id='line_1_27' title="bbox 38 2751 999 2834; baseline 0 -23"><span class='ocrx_word' id='word_1_173' title='bbox 38 2770 106 2812; x_wconf 89' lang='lat' dir='ltr'><strong>men</strong></span> <span class='ocrx_word' id='word_1_174' title='bbox 128 2752 215 2824; x_wconf 87' lang='lat' dir='ltr'><strong>illas‚</strong></span> <span class='ocrx_word' id='word_1_175' title='bbox 230 2769 308 2834; x_wconf 90' lang='lat' dir='ltr'><strong>quae</strong></span> <span class='ocrx_word' id='word_1_176' title='bbox 322 2751 490 2829; x_wconf 89' lang='lat' dir='ltr'><strong>requirunt</strong></span> <span class='ocrx_word' id='word_1_177' title='bbox 504 2751 651 2811; x_wconf 88' lang='lat' dir='ltr'><strong>Ordinem</strong></span> <span class='ocrx_word' id='word_1_178' title='bbox 668 2751 884 2830; x_wconf 86' lang='lat' dir='ltr'><strong>episcopalem,</strong></span> <span class='ocrx_word' id='word_1_179' title='bbox 900 2753 933 2810; x_wconf 94' lang='lat' dir='ltr'><strong>in</strong></span> <span class='ocrx_word' id='word_1_180' title='bbox 949 2757 999 2813; x_wconf 93' lang='lat' dir='ltr'><strong>to-</strong></span> 
     </span>
     <span class='ocr_line' id='line_1_28' title="bbox 39 2832 999 2924; baseline 0 -20"><span class='ocrx_word' id='word_1_181' title='bbox 39 2851 121 2920; x_wconf 87' lang='lat' dir='ltr'><strong>tum,</strong></span> <span class='ocrx_word' id='word_1_182' title='bbox 146 2847 199 2906; x_wconf 78' lang='lat' dir='ltr'><strong>vel</strong></span> <span class='ocrx_word' id='word_1_183' title='bbox 220 2847 252 2906; x_wconf 94' lang='lat' dir='ltr'><strong>in</strong></span> <span class='ocrx_word' id='word_1_184' title='bbox 275 2851 385 2923; x_wconf 90' lang='lat' dir='ltr'><strong>parte,</strong></span> <span class='ocrx_word' id='word_1_185' title='bbox 408 2852 504 2924; x_wconf 90' lang='lat' dir='ltr'><strong>prout</strong></span> <span class='ocrx_word' id='word_1_186' title='bbox 524 2832 698 2911; x_wconf 62' lang='lat' dir='ltr'><strong>secundum&#39;</strong></span> <span class='ocrx_word' id='word_1_187' title='bbox 714 2864 820 2906; x_wconf 90' lang='lat' dir='ltr'><strong>eorum</strong></span> <span class='ocrx_word' id='word_1_188' title='bbox 842 2848 999 2906; x_wconf 85' lang='lat' dir='ltr'><strong>conscien-</strong></span> 
     </span>
     <span class='ocr_line' id='line_1_29' title="bbox 39 2937 999 3018; baseline 0.002 -23"><span class='ocrx_word' id='word_1_189' title='bbox 39 2938 115 2998; x_wconf 84' lang='lat' dir='ltr'><strong>tiam</strong></span> <span class='ocrx_word' id='word_1_190' title='bbox 135 2939 370 3018; x_wconf 70' lang='lat' dir='ltr'><strong>iudicaverint,</strong></span> <span class='ocrx_word' id='word_1_191' title='bbox 396 2937 606 2998; x_wconf 88' lang='lat' dir='ltr'><strong>sacerdotibus</strong></span> <span class='ocrx_word' id='word_1_192' title='bbox 628 2937 769 3010; x_wconf 84' lang='lat' dir='ltr'><strong>idoneis,</strong></span> <span class='ocrx_word' id='word_1_193' title='bbox 794 2942 857 2997; x_wconf 89' lang='lat' dir='ltr'><strong>tam</strong></span> <span class='ocrx_word' id='word_1_194' title='bbox 879 2957 936 3014; x_wconf 91' lang='lat' dir='ltr'><strong>pro</strong></span> <span class='ocrx_word' id='word_1_195' title='bbox 965 2958 999 2998; x_wconf 93' lang='lat' dir='ltr'><strong>o-</strong></span> 
     </span>
     <span class='ocr_line' id='line_1_30' title="bbox 38 3031 997 3111; baseline 0 -21"><span class='ocrx_word' id='word_1_196' title='bbox 38 3033 160 3094; x_wconf 87' lang='lat' dir='ltr'><strong>mnibns</strong></span> <span class='ocrx_word' id='word_1_197' title='bbox 180 3032 268 3108; x_wconf 75' lang='lat' dir='ltr'><strong>lodie,</strong></span> <span class='ocrx_word' id='word_1_198' title='bbox 284 3051 375 3111; x_wconf 91' lang='lat' dir='ltr'><strong>quam</strong></span> <span class='ocrx_word' id='word_1_199' title='bbox 390 3051 447 3111; x_wconf 91' lang='lat' dir='ltr'><strong>pro</strong></span> <span class='ocrx_word' id='word_1_200' title='bbox 468 3031 623 3110; x_wconf 88' lang='lat' dir='ltr'><strong>aliquibus</strong></span> <span class='ocrx_word' id='word_1_201' title='bbox 645 3048 770 3091; x_wconf 89' lang='lat' dir='ltr'><strong>suarum</strong></span> <span class='ocrx_word' id='word_1_202' title='bbox 792 3031 997 3104; x_wconf 89' lang='lat' dir='ltr'><strong>dioecesium,</strong></span> 
     </span>
     <span class='ocr_line' id='line_1_31' title="bbox 38 3125 999 3205; baseline 0 -21"><span class='ocrx_word' id='word_1_203' title='bbox 38 3131 71 3187; x_wconf 88' lang='lat' dir='ltr'><strong>et</strong></span> <span class='ocrx_word' id='word_1_204' title='bbox 89 3130 128 3188; x_wconf 90' lang='lat' dir='ltr'><strong>ad</strong></span> <span class='ocrx_word' id='word_1_205' title='bbox 150 3130 274 3205; x_wconf 88' lang='lat' dir='ltr'><strong>tempus</strong></span> <span class='ocrx_word' id='word_1_206' title='bbox 294 3127 370 3205; x_wconf 89' lang='lat' dir='ltr'><strong>ipsis</strong></span> <span class='ocrx_word' id='word_1_207' title='bbox 390 3127 468 3186; x_wconf 81' lang='lat' dir='ltr'><strong>be&#39;ne</strong></span> <span class='ocrx_word' id='word_1_208' title='bbox 489 3127 616 3199; x_wconf 87' lang='lat' dir='ltr'><strong>visum,</strong></span> <span class='ocrx_word' id='word_1_209' title='bbox 639 3128 734 3203; x_wconf 88' lang='lat' dir='ltr'><strong>prout</strong></span> <span class='ocrx_word' id='word_1_210' title='bbox 761 3125 861 3203; x_wconf 85' lang='lat' dir='ltr'><strong>magis</strong></span> <span class='ocrx_word' id='word_1_211' title='bbox 883 3126 915 3184; x_wconf 91' lang='lat' dir='ltr'><strong>in</strong></span> <span class='ocrx_word' id='word_1_212' title='bbox 936 3127 999 3186; x_wconf 88' lang='lat' dir='ltr'><strong>Do-</strong></span> 
     </span>
     <span class='ocr_line' id='line_1_32' title="bbox 38 3220 1000 3297; baseline 0 -19"><span class='ocrx_word' id='word_1_213' title='bbox 38 3220 120 3279; x_wconf 92' lang='lat' dir='ltr'><strong>mino</strong></span> <span class='ocrx_word' id='word_1_214' title='bbox 142 3221 290 3297; x_wconf 86' lang='lat' dir='ltr'><strong>expedire</strong></span> <span class='ocrx_word' id='word_1_215' title='bbox 312 3220 541 3294; x_wconf 74' lang='lat' dir='ltr'><strong>iudicaverint,</strong></span> <span class='ocrx_word' id='word_1_216' title='bbox 565 3238 620 3279; x_wconf 88' lang='lat' dir='ltr'><strong>nec</strong></span> <span class='ocrx_word' id='word_1_217' title='bbox 642 3238 703 3278; x_wconf 94' lang='lat' dir='ltr'><strong>non</strong></span> <span class='ocrx_word' id='word_1_218' title='bbox 725 3221 865 3293; x_wconf 86' lang='lat' dir='ltr'><strong>easdem,</strong></span> <span class='ocrx_word' id='word_1_219' title='bbox 887 3224 1000 3297; x_wconf 91' lang='lat' dir='ltr'><strong>quate-</strong></span> 
     </span>
     <span class='ocr_line' id='line_1_33' title="bbox 40 3312 995 3390; baseline 0.002 -19"><span class='ocrx_word' id='word_1_220' title='bbox 40 3331 95 3373; x_wconf 91' lang='lat' dir='ltr'><strong>nns</strong></span> <span class='ocrx_word' id='word_1_221' title='bbox 115 3331 192 3390; x_wconf 90' lang='lat' dir='ltr'><strong>opus</strong></span> <span class='ocrx_word' id='word_1_222' title='bbox 213 3313 332 3387; x_wconf 87' lang='lat' dir='ltr'><strong>inerit,</strong></span> <span class='ocrx_word' id='word_1_223' title='bbox 355 3314 532 3374; x_wconf 79' lang='lat' dir='ltr'><strong>revocandi</strong></span> <span class='ocrx_word' id='word_1_224' title='bbox 541 3357 551 3386; x_wconf 89' lang='lat'><strong>,</strong></span> <span class='ocrx_word' id='word_1_225' title='bbox 575 3312 642 3372; x_wconf 88' lang='lat' dir='ltr'><strong>sire</strong></span> <span class='ocrx_word' id='word_1_226' title='bbox 663 3312 760 3372; x_wconf 87' lang='lat' dir='ltr'><strong>etiam</strong></span> <span class='ocrx_word' id='word_1_227' title='bbox 781 3314 995 3384; x_wconf 79' lang='lat' dir='ltr'><strong>moderandi,</strong></span> 
     </span>
     <span class='ocr_line' id='line_1_34' title="bbox 41 3406 998 3485; baseline 0.003 -20"><span class='ocrx_word' id='word_1_228' title='bbox 41 3408 102 3466; x_wconf 68' lang='lat' dir='ltr'><strong>mm</strong></span> <span class='ocrx_word' id='word_1_229' title='bbox 124 3407 209 3468; x_wconf 89' lang='lat' dir='ltr'><strong>circa</strong></span> <span class='ocrx_word' id='word_1_230' title='bbox 229 3407 359 3468; x_wconf 90' lang='lat' dir='ltr'><strong>illarum</strong></span> <span class='ocrx_word' id='word_1_231' title='bbox 381 3425 489 3482; x_wconf 91' lang='lat' dir='ltr'><strong>usum,</strong></span> <span class='ocrx_word' id='word_1_232' title='bbox 506 3425 596 3485; x_wconf 90' lang='lat' dir='ltr'><strong>quam</strong></span> <span class='ocrx_word' id='word_1_233' title='bbox 618 3406 702 3467; x_wconf 88' lang='lat' dir='ltr'><strong>eirca</strong></span> <span class='ocrx_word' id='word_1_234' title='bbox 723 3406 806 3482; x_wconf 86' lang='lat' dir='ltr'><strong>loca,</strong></span> <span class='ocrx_word' id='word_1_235' title='bbox 821 3409 855 3467; x_wconf 92' lang='lat' dir='ltr'><strong>et</strong></span> <span class='ocrx_word' id='word_1_236' title='bbox 876 3411 998 3485; x_wconf 84' lang='lat' dir='ltr'><strong>tempus</strong></span> 
     </span>
     <span class='ocr_line' id='line_1_35' title="bbox 41 3500 529 3572; baseline 0.01 -16"><span class='ocrx_word' id='word_1_237' title='bbox 41 3500 161 3560; x_wconf 86' lang='lat' dir='ltr'><strong>easdem</strong></span> <span class='ocrx_word' id='word_1_238' title='bbox 184 3500 361 3561; x_wconf 84' lang='lat' dir='ltr'><strong>exercendi.</strong></span> <span class='ocrx_word' id='word_1_239' title='bbox 516 3543 529 3572; x_wconf 85' lang='grc'><strong>.</strong></span> 
     </span>
    </p>
   </div>
   <div class='ocr_carea' id='block_1_5' title="bbox 135 3621 906 3674">
    <p class='ocr_par' dir='ltr' id='par_1_7' title="bbox 135 3621 906 3674">
     <span class='ocr_line' id='line_1_36' title="bbox 135 3621 906 3674; baseline 0 -2"><span class='ocrx_word' id='word_1_240' title='bbox 135 3621 193 3673; x_wconf 86' lang='lat' dir='ltr'><strong>Vol.</strong></span> <span class='ocrx_word' id='word_1_241' title='bbox 213 3623 239 3674; x_wconf 90' lang='lat' dir='ltr'><strong>I.</strong></span> <span class='ocrx_word' id='word_1_242' title='bbox 877 3626 906 3672; x_wconf 74' lang='lat'><strong>1⁹</strong></span> 
     </span>
    </p>
   </div>
   <div class='ocr_carea' id='block_1_6' title="bbox 0 0 1255 4202">
    <p class='ocr_par' dir='ltr' id='par_1_8' title="bbox 0 0 1255 4202">
     <span class='ocr_line' id='line_1_37' title="bbox 0 0 1255 4202; baseline 0 0"><span class='ocrx_word' id='word_1_243' title='bbox 0 0 1255 4202; x_wconf 95' lang='lat' dir='ltr'><strong> </strong></span> 
     </span>
    </p>
   </div>
  </div>
 </body>
</html>
