2500 4206
43 323 78 382 S.
93 324 139 382 R.
149 321 188 380 E.
201 317 395 380 cardinalem
407 317 445 375 de
469 315 616 376 Zeledaa
637 315 774 375 Secretis
787 316 898 376 Status
912 316 1022 376 Nostri

44 414 114 474 suis
137 410 264 471 litteris
286 408 334 468 die
357 407 396 468 10
409 408 598 469 Novembris
621 409 696 469 1791
720 409 802 468 datis
823 409 859 466 ad
885 407 1022 469 nobilem

44 509 157 567 virum
182 503 385 563 Willelmum
407 503 555 561 baronem
577 503 614 560 de
636 501 801 560 Grenville
822 503 923 562 Tuum
944 502 1021 563 item

45 619 63 660 a
85 597 232 659 Secretis
247 598 369 668 Status,
385 598 418 655 et
435 613 533 671 nuper
554 612 609 672 per
632 585 887 654 humanissimum
907 596 1022 671 princi·

45 711 122 770 pem
145 691 327 766 Augustum
354 687 454 746 filium
477 689 589 746 Tuum.
614 689 643 746 Is
664 687 748 746 enim
769 687 802 745 in
823 707 878 747 suo
900 690 938 748 ab
963 690 1021 748 hae

44 787 136 847 Urbe
160 783 308 854 discessu,
331 781 364 839 111
385 799 446 857 qua
467 784 597 858 propter
617 779 763 857 egregias
785 782 883 853 dotes,
899 786 932 841 et
949 799 1022 857 pro-

44 883 122 956 pter
145 874 321 952 singularia
342 875 438 933 animi
459 877 643 934 ornamenta
664 873 848 932 incredibile
870 876 917 932 sui
940 874 1022 934 desi-

44 972 175 1032 derium
197 968 339 1045 reliquit,
360 972 490 1044 rogatus
505 984 561 1042 per
573 967 638 1028 Nos
653 965 725 1038 fuit,
742 971 779 1025 ut
793 967 851 1024 hoc
867 969 911 1026 Te
927 967 1021 1026 officii

46 1081 169 1143 genere
184 1062 312 1124 Nostris
333 1062 439 1121 verbis
459 1063 714 1138 prosequeretur.
739 1061 937 1135 Eundemque
960 1061 1023 1118 ite-

45 1177 122 1218 rum
138 1158 199 1215 hac
213 1155 319 1214 eadem
340 1155 378 1212 de
400 1171 434 1212 re
456 1153 537 1212 haud
559 1153 605 1211 ita
625 1152 745 1228 pridem
768 1151 950 1228 rogavimus
966 1169 1022 1227 per

46 1253 187 1313 Nostrae
201 1249 331 1309 litteras
352 1250 390 1308 ad
413 1265 483 1307 eum
506 1247 607 1318 datas,
625 1251 660 1307 ut
675 1265 778 1306 secum
800 1248 837 1305 de
859 1245 944 1305 felici
966 1263 1020 1304 suo

47 1345 79 1402 in
104 1342 246 1420 patriam
271 1341 409 1400 adventu
439 1339 684 1416 gratularemur.
709 1341 785 1398 Gom
807 1342 911 1397 tamen
935 1339 1023 1396 modo

48 1438 136 1497 istuc
159 1454 191 1494 se
214 1433 358 1493 conferat
379 1434 514 1492 dilectus
539 1432 624 1520 silius
645 1431 775 1512 Qarolus
795 1431 944 1503 Erskine,
969 1429 1023 1505 qui

49 1548 154 1608 genus
170 1528 430 1602 nobilitatemque
452 1527 540 1586 ducit
560 1545 600 1586 ex
621 1530 675 1586 tuo
691 1525 814 1584 Scotiae
829 1543 938 1601 regno,
954 1524 1024 1600 qui·

48 1643 111 1701 que
135 1621 255 1683 iamdiu
277 1619 471 1696 praeclaram
486 1620 595 1691 Nobis,
612 1637 647 1678 ac
661 1617 851 1695 apostolicae
866 1617 938 1676 huic
951 1619 1024 1677 Sedi

51 1721 156 1778 navat
178 1731 317 1790 operam,
332 1713 489 1791 Nobisque
512 1718 714 1789 peracceptus
735 1715 785 1772 est
806 1712 843 1772 ob
864 1699 1024 1788 ingenium

50 1828 161 1880 suum,
188 1810 375 1877 doctrinam,
399 1807 568 1878 virtutem,
591 1811 772 1882 ceterasque
800 1805 897 1865 animi
923 1808 1022 1878 dotes,

51 1905 322 1982 peropportunum
349 1900 446 1960 Nobis
473 1900 576 1958 visum
603 1907 653 1958 est
681 1901 780 1959 eidem
809 1898 840 1956 in
869 1899 1026 1959 mandatis

52 2000 155 2068 dare,
178 1997 214 2054 ut
235 1992 398 2054 Maiestati
420 1995 505 2052 Tuae
529 1997 652 2052 nostros
678 1993 916 2063 observantiae,
941 1993 1026 2052 obse-

51 2090 135 2167 quii,
153 2091 187 2147 et
202 2087 287 2164 grati
308 2085 406 2146 animi
429 2105 536 2146 sensus
559 2105 639 2146 nova
660 2088 708 2146 sui
731 2087 904 2147 testimonii
926 2081 1027 2146 acces

53 2191 142 2247 sione
158 2185 370 2262 confirmaret.
396 2185 429 2242 Id
454 2183 536 2243 enim
557 2202 577 2243 a
596 2186 695 2246 Nobis
717 2187 858 2262 postulat
879 2189 945 2245 tum
960 2186 1026 2244 sin-

53 2279 179 2360 gularis
201 2279 259 2338 illa
282 2281 337 2337 tua
361 2278 562 2350 liberalitas,
585 2298 646 2355 qua
670 2281 897 2340 ecclesiasticos
918 2279 1026 2339 Gallos

51 2394 87 2435 es
111 2378 316 2451 prosecutus,
343 2374 410 2430 tum
436 2371 579 2449 iugentia
604 2374 753 2433 beneficia
779 2374 944 2435 catholicis
967 2373 1026 2432 tibi

54 2466 210 2529 subiectis
231 2465 361 2538 collata,
378 2469 444 2523 tum
466 2464 583 2541 optime
605 2466 763 2528 instructa
783 2467 891 2528 classis
912 2483 967 2543 per
981 2467 1026 2524 Te

54 2563 96 2622 ad
120 2577 209 2620 mare
223 2559 492 2618 Mediterraneum
515 2559 695 2636 missaque
716 2578 748 2618 se
770 2560 941 2635 coniungat
955 2559 1027 2619 aliis

54 2651 281 2731 spectabilibus
295 2651 392 2728 copiis
407 2651 637 2710 foederatorum
647 2651 828 2729 Principum
844 2653 882 2712 ad
890 2654 1027 2713 Nostrae

54 2747 238 2828 pontificiae
259 2747 389 2807 ditionis
408 2745 567 2822 totiusque
583 2746 696 2806 ltaliae
716 2748 930 2807 securitatem.
946 2747 1027 2807 Hinc

55 2845 158 2902 eidem
173 2842 300 2902 Nostris
322 2841 405 2900 hisce
426 2840 548 2900 litteris
564 2843 650 2899 Tuae
664 2841 827 2901 Maiestati
849 2840 1026 2914 reddendis,

56 2937 184 2996 aditum
206 2934 243 2994 ad
267 2933 494 3011 benignitatem
517 2935 615 2993 Tuam
637 2933 761 2992 munire
783 2933 959 3006 voluimus,
982 2935 1027 2992 Te
1149 2977 1151 2981 -

57 3033 223 3106 rogantes,
240 3031 276 3088 ut
298 3045 367 3087 eum
390 3028 563 3086 clementer
585 3026 735 3103 excipias,
752 3031 847 3102 utque
869 3026 908 3085 iis
929 3025 1030 3085 omni-

58 3126 117 3184 bus
139 3123 230 3182 fidem
251 3121 415 3196 adiungas,
432 3139 510 3196 quae
524 3138 581 3198 per
596 3121 697 3198 ipsum
713 3123 829 3183 Nostro
852 3119 974 3178 nomine
990 3118 1028 3178 ad

58 3219 105 3276 Te
127 3216 323 3286 deferentur,
339 3213 500 3289 eidemque
521 3214 670 3289 praebeas
691 3215 749 3275 illa
771 3213 877 3291 regiae
899 3231 1030 3290 propen-
1117 3255 1119 3262 n

57 3309 157 3370 sionis
171 3308 300 3381 indicia,
312 3323 391 3383 quae
406 3305 551 3383 propriae
566 3307 706 3369 virtutes
721 3312 796 3369 sunt
810 3306 920 3384 magni.
931 3305 1029 3366 animi

59 3404 143 3476 Tui,
165 3420 257 3480 quam
279 3417 384 3460 omnes
406 3402 523 3458 norunt
551 3401 631 3461 hanc
659 3402 758 3478 ipsam
782 3402 820 3462 ob
841 3417 968 3461 causam
989 3399 1028 3458 ad

60 3496 325 3558 alie‘ediunctsm
346 3494 469 3566 decora,
492 3497 652 3554 aeternam
675 3495 736 3555 sibi
758 3494 893 3555 nominis
914 3492 1030 3554 famam
