2456 4192
37 309 217 387 praeclarum
241 313 329 373 irum
358 327 436 389 erga
454 311 666 390 Apostolieam
688 314 800 376 Sedem
821 310 982 384 stadium,

37 407 64 464 ei
80 403 311 480 adhaesionem,
333 403 407 466 hine
427 405 552 467 lubenti
570 405 694 479 anime,
708 405 741 466 ia
762 423 836 468 casu
859 408 984 469 tantum

36 499 110 558 al'e
137 499 318 577 preposito,
347 499 534 563 laeulmiem
562 500 758 562 comedimus
786 499 985 579 dispensandi

37 591 216 653 auctoritaie
238 593 357 654 Nostra
373 592 414 654 ab
427 591 650 670 impedimento
662 591 789 654 meandi
801 592 986 671 aensaagai.

39 682 132 744 nitatis
151 686 269 764 gradus
290 685 322 747 ia
343 686 429 748 linea
448 686 629 748 collaterali
648 704 718 748 eum
739 686 812 749 vire
828 687 985 750 Dieeeesis

43 779 105 853 irae,
116 796 207 856 quem
222 797 327 843 morae
341 779 558 858 impaiieatem
572 781 604 840 id
618 782 699 858 apud
714 782 759 843 'l'e
775 799 855 842 auae
870 799 985 860 urgere

41 870 152 932 litteris
172 873 241 934 tuis
268 874 421 936 retulisti.
442 873 657 936 Frateraiteii
678 891 756 934 vero
776 877 870 949 tuse,
892 891 984 953 qaam

41 961 157 1042 impenso
178 984 288 1029 amere
309 968 544 1046 prosequimur,
559 968 772 1047 Apostolieam
785 967 987 1031 Benedictio-

38 1073 91 1117 aem
111 1066 313 1136 peramanter
333 1062 545 1141 impertimur.

86 1156 193 1216 Datum
220 1157 340 1216 Romae
360 1157 440 1235 apud
465 1158 498 1218 S.
515 1156 649 1218 Mariam
663 1155 827 1231 Maiorem,
842 1157 897 1216 Vl.
914 1156 986 1217 Idus

39 1249 216 1326 Septembris
239 1248 413 1312 mccxc.
428 1248 639 1311 Pertiiieatas
658 1247 771 1312 Nostri
791 1251 883 1311 Anno
897 1231 998 1308 xvi!

526 1338 681 1402 Callistus
696 1341 866 1404 Matrinius

345 1447 349 1456 ·
463 1452 486 1495 a
509 1433 642 1496 Latinis
662 1433 821 1512 Epistola
841 1431 945 1497 sams.

450 1643 547 1702 ΧΠ.
567 1677 573 1690 =

197 1765 367 1812 eearssmo
386 1764 422 1808 m
441 1763 573 1809 camere
594 1763 676 1808 staro
690 1761 811 1806 roseae

281 1911 287 1922 '
353 1894 652 1960 LUDOVIOO

198 2026 406 2102 mansorem
425 2039 510 2118 seps
531 2035 812 2097 caesarensem

257 2189 415 2274 PIUS
462 2185 642 2267 PAPA
686 2185 754 2262 Vl.
805 2225 807 2230 ·

88 2381 277 2444 carluime
296 2381 335 2440 ln
356 2379 493 2440 chrisio
514 2377 585 2436 rui
605 2377 748 2446 Noster,
768 2375 922 2434 Saluum

200 2481 238 2537 st
256 2475 496 2548 apostolicam
521 2473 818 2534 Benedletlenem.

85 2661 204 2722 latimo
224 2657 459 2737 ingemiseimus
473 2657 584 2730 eorde,
598 2657 672 2716 dem
686 2654 879 2734 rogitamus,
894 2652 995 2714 Maie-

40 2753 137 2814 uatem
164 2756 267 2814 'raam
295 2749 380 2828 adigi
409 2751 520 2810 horam
542 2748 576 2807 vi
602 2747 796 2826 imperioque
818 2749 993 2824 temporum

38 2845 68 2903 ed
90 2848 252 2927 vulganda
287 2845 468 2906 conventus
495 2841 677 2904 Natienalis
703 2843 855 2913 Decreta,
882 2838 995 2916 quibus

39 2941 110 2999 laam
131 2941 237 3020 ipsam
263 2937 456 2999 sanationem
481 2935 657 3010 edisseras,
680 2937 847 3012 antequam
871 2933 911 2993 ad
930 2933 995 2995 Nos

39 3045 94 3090 rem
113 3033 276 3104 deferres,
302 3048 338 3091 ae
358 3047 378 3092 a
398 3028 496 3091 Nobis
521 3029 675 3090 rationem
699 3027 837 3109 aliquam
858 3032 995 3106 peteres,

39 3139 89 3198 qua
113 3131 148 3188 el
175 3123 375 3186 eonseieniiie
403 3122 522 3184 sensuli
551 3125 675 3200 posset,
705 3125 739 3182 et
768 3123 996 3184 dissensionum

38 3219 172 3281 wandala
193 3218 279 3278 inter
306 3213 486 3277 catholicos
507 3214 627 3288 vilari,
649 3217 684 3274 ei
714 3231 810 3293 prope
831 3215 894 3277 iam
916 3216 996 3277 irre·

40 3311 184 3384 parabilia
203 3308 382 3372 sehismatis
407 3308 491 3371 mala
509 3309 707 3386 praecaveri.

89 3405 205 3465 Verum
232 3421 272 3465 ex
293 3421 354 3482 quo
383 3408 498 3480 regnat
518 3403 666 3464 Maiestas
688 3403 777 3476 Tua,
801 3419 872 3463 eum
894 3401 995 3479 magia

41 3497 186 3575 magisque
215 3496 452 3575 intelligamus,
475 3513 535 3572 quo
563 3495 720 3557 animatus
748 3495 791 3556 eis
820 3493 995 3572 Religionis
