2500 4206
444 269 624 329 -371-

45 392 111 450 que
133 389 227 432 sexus
259 373 296 433 ad
319 374 509 433 saecularem
542 377 659 436 statum
682 377 820 437 transire
841 377 1018 454 cupientes,

47 469 142 542 illud,
159 469 242 544 quod
264 467 337 528 aliis
357 469 454 529 etiam
476 469 604 547 collegis
625 471 688 531 tuis
702 472 733 530 id
755 472 855 549 ipsum
871 472 1019 549 flagitan-

50 563 150 636 tibus,
168 561 401 622 rescribendum
425 564 621 638 censuimus,
645 565 704 625 tibi
725 565 834 626 itidem
855 566 1023 643 responde·

52 674 135 730 mus,
153 659 311 716 uteorum
328 657 463 731 nomina,
476 659 529 734 qni
545 659 700 718 indultum
716 660 800 720 istud
814 661 918 721 debito
932 660 1021 721 modo

49 768 71 809 a
93 752 128 808 te
150 750 327 824 petierunt,
354 750 392 809 ad
413 751 478 812 Nos
499 769 568 811 cum
591 751 699 811 allatis
720 752 898 812 rationibus
921 755 1024 815 trans·

48 842 177 915 mittes,
193 845 230 901 ut
254 842 302 902 ita
329 844 437 904 statim
460 846 633 923 perspectis
647 847 760 919 causis,
777 853 951 924 opportune
964 865 1021 925 pro

46 937 188 1014 singulis
210 937 377 998 decernere
400 939 571 1000 valeamus.
587 943 716 1001 Domum
739 941 771 999 in
794 942 892 1002 tentis
913 959 1021 1003 rerum

51 1034 236 1090 vestrarum
258 1031 415 1106 angustiis
436 1037 469 1092 te
491 1036 639 1109 tuumque
660 1033 779 1092 olerum
798 1052 834 1094 ac
855 1034 1021 1094 dioecesim

46 1142 177 1184 omnem
191 1126 358 1185 Pastorum
380 1127 516 1204 principi
537 1131 606 1188 Iesu
621 1127 747 1188 Christo
761 1126 891 1187 Domino
911 1130 1020 1187 nostro

49 1218 262 1296 singulariter
282 1223 543 1294 commendantes,
563 1221 691 1281 interim
706 1215 878 1298 apostolica
898 1220 1024 1280 benedi-

46 1311 158 1371 ctione
181 1313 213 1371 te
234 1313 462 1390 prosequimur,
477 1331 569 1390 quam
591 1313 662 1387 tibi,
678 1314 792 1375 dilecte
813 1313 860 1373 fili
881 1315 1019 1387 Noster,

49 1406 82 1465 in
105 1411 260 1483 paternae
281 1407 377 1467 etiam
399 1408 636 1470 benevolentiae
659 1408 772 1486 pignus
792 1427 832 1468 ex
853 1407 970 1482 animo,
986 1425 1021 1468 ao

51 1507 258 1579 peramanter
279 1500 491 1576 impertimur.

111 1595 228 1653 Datum
251 1583 367 1653 Romae
382 1595 443 1651 etc.
460 1593 509 1651 die
524 1594 600 1653 XXI
620 1591 702 1651 lunii
719 1592 894 1664 MDGOXG,
910 1594 1021 1654 Ponti·

49 1685 166 1747 ficatus
187 1685 299 1746 Nostri
322 1703 402 1744 enno
423 1687 509 1745 XVI.

515 1852 551 1903 8.

295 1967 447 2012 umucrllu
469 1969 503 2010 m
523 1968 652 2011 CHRISTO
674 1967 779 2010 nullu

148 2101 292 2164 NOBILI
312 2101 487 2163 MULIERI
507 2101 561 2160 AL
570 2101 703 2160 OISIAE
724 2098 919 2159 ADELAIDI

155 2235 311 2296 Ducissue
338 2233 538 2306 Bortonioe,
564 2233 709 2294 Condere
734 2234 924 2292 Abbatissue

176 2334 327 2412 Iasipnis
337 2333 499 2396 Ecclesiae
510 2333 544 2393 S.
554 2334 648 2394 Petri
665 2333 904 2393 Romcriconsis

269 2480 441 2562 PIUS
487 2481 678 2558 ΡΑΡΑ
731 2480 799 2556 VI.

73 2657 216 2718 Dilecta
228 2656 267 2716 in
281 2656 419 2716 christu
432 2656 537 2727 Filia,
547 2655 685 2714 Nobilis
698 2655 837 2725 Mulier,
852 2655 1005 2713 salutem

232 2753 267 2809 et
286 2749 524 2820 Apostolioam
543 2749 838 2808 Benedictionem.

117 2901 301 2979 Accepimus
322 2900 450 2961 litteras
473 2903 555 2969 tuas,
582 2898 700 2958 dilecta
722 2898 755 2956 iu
794 2898 920 2959 Christo
942 2897 1025 2970 filia,

55 2995 173 3056 nobilis
194 2993 320 3066 mulier,
335 2994 435 3070 iisque
457 2993 604 3052 adiuncta
633 2990 896 3068 protestationum
924 2990 1025 3062 folia,

53 3107 134 3168 quas
155 3089 189 3146 et
210 3085 381 3164 capitulum
411 3087 499 3146 tu'um
521 3089 555 3146 et
575 3087 611 3144 tu
632 3084 699 3162 ipsa
720 3100 872 3155 seorsum,
895 3101 965 3141 cum
986 3083 1025 3142 ab

55 3182 115 3243 illo
138 3183 213 3241 tunc
234 3179 386 3253 ablueris,
409 3179 477 3254 pari
498 3195 648 3239 consensu
670 3174 818 3236 emisistis
840 3179 952 3233 contra
974 3177 1024 3234 de·

54 3279 148 3336 creta
169 3275 349 3336 Conventus
371 3273 508 3333 nationis
529 3273 676 3349 gallicae,
691 3287 768 3348 quae
791 3268 821 3327 in
845 3267 1025 3328 universum

56 3371 156 3430 istum
172 3383 241 3426 oum
256 3365 459 3438 saecularem,
477 3368 544 3432 tum
566 3364 744 3440 regularem
766 3362 886 3422 olerum
907 3359 1027 3436 pluries

55 3464 257 3524 emanarunt.
280 3461 328 3520 Ad
350 3462 471 3519 ceteras
492 3457 695 3536 gravissimas
715 3455 839 3534 paterni
853 3454 950 3514 enimi
963 3455 1030 3516 No·

57 3555 121 3618 stri
143 3553 385 3629 sollicitudines,
400 3552 512 3631 quibus
532 3551 656 3612 assidue
671 3567 823 3610 vexamur
843 3565 936 3610 causa
957 3550 1032 3609 tau·

896 3655 915 3690 θ
