2386 4194
642 253 680 268 -
702 221 762 284 ιω
782 255 820 270 ..

246 327 371 391 rissime
393 326 425 386 iu
447 326 575 390 Christo
593 327 644 388 fili
665 331 784 402 noster,
802 327 1028 406 universaeque
1042 325 1179 410 reptet-l

247 420 354 484 miliae
375 423 450 482 tuae
470 418 685 490 amantissime
706 419 920 497 impertimur.

306 515 421 576 Datum
442 514 560 576 Romae
580 513 631 573 die
645 515 722 584 Xlll
735 512 857 591 Aprilis
869 513 1060 586 MDccxol,
1073 510 1175 572 Pontii

252 609 341 676 catus
361 605 475 668 Nostri
496 608 587 670 Auno
608 607 712 668 XVII.

655 817 803 876 11¹1.

544 942 673 988 nuncro
694 945 777 988 runo
795 943 919 988 noerae

280 1077 486 1140 LUDOVIOO
500 1078 534 1138 S.
552 1081 591 1140 R.
607 1080 645 1140 Ε.
660 1078 937 1143 PRESBYTERO
951 1078 1154 1165 cnRDllllll

622 1177 674 1238 DE
696 1176 841 1239 ROHAN

501 1325 661 1404 Episcopo
682 1325 959 1403 Arpcotoratensi

438 1475 636 1558 PIUS
688 1478 910 1556 PAPA
955 1477 1025 1556 VI.

311 1663 446 1724 Dilecta
458 1663 531 1723 rui
542 1665 692 1736 Noster,
707 1664 859 1746 salutem
874 1667 910 1722 ct
922 1661 1143 1734 apostolicam
1178 1613 1179 1648 ἒ

318 1769 321 1781 ·
580 1757 877 1818 Benedictionantn.

311 1925 394 1992 Quae
414 1941 526 1984 causae
545 1925 697 1988 Nostrum
719 1926 926 1986 retardarunt
947 1915 1173 2001 responsumbit

251 2017 330 2080 teris
350 2017 512 2080 carissimi
532 2016 565 2077 in
587 2017 714 2079 (thristo
728 2015 805 2078 Filii
819 2017 932 2080 Nostri
945 2014 1098 2082 Lndurici
1109 2013 1173 2074 lun

220 2171 223 2183 Δ
251 2127 357 2170 corum
383 2110 480 2187 Regis
500 2109 783 2183 christianissimi,
805 2127 943 2170 necnon
964 2113 998 2170 et
1020 2110 1171 2172 Dilectnnu

250 2201 409 2264 Filiorum
429 2203 618 2265 Nostrorum
642 2203 676 2261 S.
700 2203 741 2262 R.
763 2203 800 2262 E.
824 2190 1054 2276 cardinalium,
1075 2218 1107 2262 ac
1124 2197 1169 2256 Vll·

250 2295 404 2358 Fratrum
424 2294 758 2373 Arcbiepiscoporum,
780 2299 815 2356 et
835 2295 1058 2374 Episcoporum
1079 2283 1169 2354 sutor?

135 2381 136 2388 '
251 2391 377 2467 piorum
409 2387 611 2466 Expositiuni
642 2403 737 2466 super
769 2388 938 2466 Principiis
968 2377 1171 2452 Consolationis

249 2479 348 2554 Cleri,
368 2480 492 2544 easdem
518 2481 641 2558 pariter
661 2499 770 2543 eansm
792 2498 848 2558 per
862 2484 907 2542 Te
927 2481 1033 2559 ipsum
1055 2475 1172 2548 intelligo

250 2573 419 2636 retinuisse
440 2575 518 2649 Nos,
541 2593 579 2635 ne
601 2579 666 2636 tam
687 2575 766 2649 cito,
787 2592 879 2651 quam
900 2574 1110 2652 exspectabas,
1127 2563 1172 2627 llil

249 2665 386 2740 Litteris
402 2668 452 2728 die
469 2667 507 2728 18
521 2667 701 2730 Decembris
713 2669 751 2727 ad
766 2667 831 2729 Nos
852 2663 935 2728 datis
955 2666 1172 2730 rescriberemus

251 2759 379 2821 Summa
398 2763 469 2821 erat
493 2777 623 2835 rerum,
649 2762 687 2821 de
711 2759 823 2838 quibus
848 2758 1028 2838 agebatur,
1057 2753 1172 2836 gravitas

251 2851 389 2914 maxima
408 2852 538 2930 preinde
553 2854 780 2932 exposcebatur
794 2871 813 2913 a
826 2853 924 2917 Nobis
946 2853 978 2915 in
1001 2852 1173 2916 omnibonu-

250 2946 419 3024 pendendis
440 2947 703 3025 decernendisque
723 2946 926 3018 consultatio,
948 2951 1062 3010 cuncta
1081 2946 1112 3008 ad
1130 2951 1173 3000 11⁰l

251 3057 333 3102 mam
352 3037 590 3102 Ecclesiasticas
604 3039 806 3118 Discipliuae,
822 3035 1173 3116 catholicorumquellol

250 3135 371 3196 matum
399 3131 634 3194 accuratissime
666 3131 844 3210 exigenda,
874 3131 1018 3208 publicae
1050 3116 1172 3192 animal

250 3227 348 3287 Deum
367 3222 548 3304 indicendae
569 3225 853 3303 persolvendaeque
877 3239 997 3300 preces.
1022 3225 1173 3292 Quaerunt

251 3318 373 3391 amaia,
394 3319 485 3378 Deo'
477 3334 545 3394 ipso
567 3317 713 3390 iurante,
735 3333 805 3377 eum
827 3318 956 3393 peraeta
976 3315 1061 3390 sint,
1080 3319 1172 3384 cunqut

251 3412 370 3475 Nostra
389 3409 447 3472 illa
467 3427 615 3487 responsa
635 3410 698 3470 iam
719 3409 751 3468 in
773 3408 910 3472 Galliam
935 3407 1136 3486 pervenerint,
1150 3411 1173 3456 οι

253 3503 363 3586 quibus
381 3503 445 3565 etsi
465 3503 532 3581 ipse
551 3503 648 3565 etiam
668 3521 845 3583 cognosces,
858 3504 913 3594 qni
926 3503 1048 3579 Nostri,
1063 3499 1173 3566 &nobb
