2386 4194
27 302 115 358 secuta
133 304 214 361 sunt.
239 303 355 379 Sperat
374 304 501 382 quidem
522 305 673 367 Pontifex
690 307 847 380 Summus,
865 310 901 368 ut
914 306 968 384 qui

26 398 93 453 netu
111 411 144 454 ac
164 395 330 458 debilitate
350 402 446 458 antea
466 398 694 474 afficiebantur,
711 417 793 460 nuno
813 416 891 459 voce
912 417 968 461 sua

25 487 134 548 exoluti
160 506 279 550 novum
299 492 458 565 ardorem,
478 496 574 572 atque
595 511 693 554 novos
713 493 837 555 animos
858 493 969 554 indue-

23 578 85 652 rint3
98 585 202 658 sperat
217 585 265 656 ut,
281 584 334 661 qui
349 584 463 646 misere
477 592 673 648 secesserant
694 606 714 649 a
734 587 797 648 viis
816 587 968 648 veritatis

22 679 154 748 errantes,
178 676 212 736 in
234 695 287 740 eas
308 696 340 738 se
362 679 464 744 denuo
484 682 678 760 receperint;
700 684 810 760 sperat
830 684 966 754 demum,

22 769 48 826 ut
64 767 177 830 firmior
197 772 339 835 evaserit
360 775 578 852 spectabilium
593 775 828 838 Gallicanorum
849 775 968 853 episco-

21 877 108 936 porum
120 865 313 940 constantia,
328 867 383 945 qui
397 868 497 929 tantis
511 868 586 929 lieet
599 868 836 931 calamitatibus
851 865 964 944 pressi,

24 956 126 1033 egregia
145 961 267 1033 tamen,
284 978 343 1020 non
359 961 426 1022 sine
439 962 536 1023 etiam
559 962 645 1024 vitae
666 961 858 1034 discrimine,
873 961 967 1022 dede-

25 1056 78 1108 runt
97 1051 234 1114 virtutis
254 1071 328 1114 suae
349 1055 521 1133 specimina
541 1075 578 1117 ac
599 1060 810 1126 monumenta,
833 1070 965 1132 quorum

23 1144 142 1221 exempla·
160 1145 279 1208 merito
300 1148 506 1210 ecclesiastici
525 1149 590 1210 viri
611 1150 687 1210 bene
702 1148 796 1209 multi
810 1147 870 1208 sibi
885 1165 967 1208 sum-

14 1241 127 1327 *pssunt
139 1240 179 1300 ad
194 1239 396 1314 imitandum.
410 1242 541 1305 Gratius
552 1243 629 1303 mihi
642 1261 715 1304 sane
729 1241 869 1303 accidere
884 1240 965 1301 nihil

21 1332 131 1406 poterat,
146 1351 245 1410 quam
263 1335 452 1399 confidentia
473 1336 505 1396 in
526 1355 576 1397 me
596 1340 718 1412 vestra3
733 1338 869 1413 adeoque
884 1333 965 1394 nihil

21 1423 80 1483 nili
98 1427 160 1488 erit
182 1427 365 1506 antiquius,
387 1447 479 1508 quam
502 1435 539 1491 ut
558 1429 648 1490 vobis
669 1433 817 1492 testatam
845 1445 967 1505 semper

24 1513 105 1579 lutam
125 1521 363 1584 observantiam
385 1529 419 1585 et
439 1524 578 1585 studium
599 1524 632 1584 in
654 1541 711 1584 vos
732 1541 847 1596 meum3
861 1520 965 1582 vestri

28 1625 84 1669 enin
100 1632 168 1675 sum

153 1707 372 1770 Illustrissimi
394 1710 519 1771 Domini

51 1799 150 1864 Romae
173 1803 221 1863 111
242 1802 312 1864 idus
330 1804 452 1882 Aprilis
474 1805 663 1866 Muccxcl.

650 1896 801 1960 Seruitus·

440 1993 478 2053 F.
491 1993 533 2053 X.
548 1991 738 2054 cardinatis
751 1991 790 2052 dc
802 1991 831 2051 Ζ
833 1991 940 2052 elada.

409 2163 551 2220 XXVI.

61 2262 108 2321 nt>
128 2263 333 2326 SINGULOS
354 2266 601 2329 GALLIARUM
623 2265 898 2344 Eplscoposss)

228 2417 389 2498 PIUS
433 2419 613 2498 PAPA
661 2418 728 2495 Vl.

115 2597 203 2654 ven.
217 2598 352 2666 Froben
374 2597 526 2655 salutem
548 2600 585 2655 et
603 2597 841 2666 aposmltoom
907 2599 909 2602 ’

327 2689 624 2748 Benedlottonem.

60 2835 140 2896 Mala
160 2835 488 2914 perturbationesque,
504 2836 615 2912 quibus
630 2834 806 2897 Galliarum
827 2851 959 2912 regnum

15 2926 149 3003 agitatur,
165 2948 235 2989 oum
252 2931 351 3008 magis
372 2931 404 2990 in
420 2931 486 2990 dies
502 2929 737 3006 ingravescant,
752 2929 818 2991 Nos
839 2932 958 3005 cogunt

14 3033 57 3091 pro
82 3024 251 3100 apostolico
284 3041 415 3084 munere
441 3025 580 3097 Nostro,
611 3027 648 3084 ut
674 3022 811 3084 Litteris
846 3021 896 3081 dic
919 3021 958 3083 10

12 3109 107 3174 Martii
127 3116 231 3188 datis,
255 3118 335 3177 aliae
362 3119 511 3177 addamus
531 3118 570 3175 ad
603 3118 737 3177 dilectos
758 3116 841 3177 lilios
872 3116 963 3194 capi·

11 3205 85 3281 tula,
108 3210 250 3284 Olenum,
275 3211 483 3288 populumque
511 3211 602 3288 regni
631 3211 828 3284 Galliarum,
851 3213 888 3270 ut
909 3227 961 3270 coe

62 3353 98 3408 ll)
111 3355 164 3403 Hae
173 3356 285 3403 Litterae
304 3355 515 3414 eotenexemplo
535 3355 611 3404 datae
629 3357 735 3405 morunt
754 3355 960 3415 archiepiscopis

11 3423 143 3488 Parmensi,
155 3431 328 3491 magdunensi,
339 3433 484 3490 Rhomenal,
496 3432 646 3490 l'uronauai
658 3431 822 3490 Biturloenei,
834 3431 962 3490 Burdoga.

11 3497 74 3561 lind,
86 3507 217 3567 Amitano,
230 3509 384 3566 Thelanem,
402 3509 564 3567 Narbotenei,
576 3509 728 3568 Arelatensi,
749 3509 872 3569 aquensi,
887 3508 961 3557 vien»
