2386 4194
18 293 51 355 lie
69 293 307 354 ecclesiasticae
328 307 380 352 res
402 291 439 351 ed
462 309 518 351 sne
540 291 629 364 iure,
644 291 884 369 legitimumque
907 293 971 354 ste·

19 393 71 448 tom
91 387 318 448 restituantur.
335 387 391 447 Sin
413 404 513 461 secus,
530 387 608 464 quod
631 389 711 448 Deus
732 389 879 460 avertat,
893 404 968 447 eve-

19 483 98 556 nerit,
113 481 175 544 etsi
190 482 325 553 invitus,
342 481 568 542 Sanctissimus
588 482 685 541 Peter
701 484 805 542 temen
827 481 865 542 od
881 489 969 540 ser'e-

16 576 86 637 rioru
99 580 211 636 contre
226 577 426 638 contumaces
441 575 590 649 remedie,
605 580 699 653 etque
713 577 855 636 extrema
868 573 965 634 etism

16 669 166 743 deveniet,
189 669 297 746 quelle
317 688 373 749 pro
394 669 546 729 extremis
567 668 659 730 mulis
689 667 833 728 adhiberi
853 666 886 726 in
908 669 970 727 Eo-

15 761 98 822 dosia
117 781 243 842 semper
267 767 511 824 consueverunt.
535 765 661 824 Interea
680 763 774 822 bonos
808 760 968 840 episcopos

14 855 191 934 coniungere
214 875 317 918 secum
338 858 444 917 studia
464 875 520 934 pro
536 855 689 934 religione
711 873 768 916 sue
789 856 882 916 uelde
905 855 969 918 lee-

16 953 103 1023 tetur3
118 953 226 1028 Teque
240 949 438 1028 potissimum
450 955 483 1010 et
497 968 554 1027 pro
567 948 801 1026 Metropolitioo
815 952 869 1009 tuo
883 948 966 1022 iure,

17 1047 36 1102 et
53 1061 111 1120 pro
132 1044 281 1105 universa
302 1044 457 1106 catholiea
478 1062 512 1103 re
526 1044 721 1104 laborantem
743 1042 878 1104 maxime
898 1044 965 1105 col·

15 1133 126 1210 ludet,
149 1155 185 1197 ac
213 1139 251 1196 ed
280 1141 402 1198 ceteros
423 1139 479 1196 tuo
499 1136 643 1214 exemplo
663 1135 845 1196 excitandos
877 1153 967 1212 pree-

15 1232 85 1291 sules
105 1233 136 1290 in
152 1233 212 1297 hue
232 1230 387 1291 communi
402 1231 539 1291 omnium
560 1247 653 1292 ceusu
669 1231 872 1290 vehementer
892 1230 966 1290 hor·

14 1325 101 1384 tetur.
115 1326 202 1386 Haec
224 1325 296 1384 Tibi
311 1325 502 1401 significuus,
519 1327 703 1401 certumque
717 1327 763 1385 Te
782 1324 913 1384 reddens
927 1323 965 1384 de

15 1418 155 1496 singulari
183 1418 383 1480 Sanctissimi
411 1419 535 1480 Domini
564 1417 674 1480 Nostri
702 1420 735 1478 et
763 1417 965 1495 Apostolicae

18 1513 89 1572 Sedis
108 1516 148 1574 ad
164 1512 318 1590 collapses
340 1531 390 1574 res
411 1515 443 1573 in
459 1513 628 1592 pristinum
651 1516 770 1574 statum
793 1511 965 1576 restituen-

23 1607 63 1664 das
78 1609 204 1678 conatu,
220 1606 348 1666 interim
371 1625 480 1669 manue
501 1609 668 1668 affectuose
689 1606 865 1668 deosculor.

519 1700 716 1762 Eminentiee
737 1700 822 1759 Tuae

82 1794 199 1852 Romae
220 1790 271 1850 die
294 1793 331 1854 16
345 1793 465 1870 Aprilis
489 1795 577 1855 1791.

473 1887 716 1960 Addictiseimue
736 1884 884 1946 Servitor

422 1979 463 2039 F.
479 1981 520 2040 X.
536 1980 713 2042 cardinalis
727 1980 766 2041 dc
785 1978 922 2040 chcdo.

114 2259 267 2330 EPIST.
285 2157 574 2332 CARIixIbXJZEIvb
595 2261 630 2326 A
652 2259 843 2329 ZELADA

255 2423 427 2484 lOSEPHO
460 2422 711 2484 CHRISTIANO

9 2573 155 2653 Episcopo
184 2575 335 2648 Lercoei,
360 2577 397 2634 ic
420 2577 569 2652 partibus
589 2574 790 2654 [nfidelem
807 2582 838 2634 et
859 2571 964 2634 eoac-

60 2673 162 2730 iutori
182 2670 338 2747 Episcopi
363 2669 639 2741 Vratislaoieusis,
656 2685 714 2729 occ
731 2684 800 2727 noc
821 2663 962 2726 Canoni-

60 2782 91 2825 co
113 2761 321 2825 cathedralis
340 2762 643 2840 Arpcutoratecsie.

59 2914 142 2980 Quae
164 2914 242 2973 mihi
263 2915 485 2976 illustrissime
511 2919 545 2975 et
566 2910 840 2974 Reverendissime
857 2911 962 2971 Domi·

12 3007 82 3066 ontio
103 3009 191 3082 Tua,
207 3007 239 3066 in
262 3007 326 3067 suis
347 3008 396 3067 die
417 3008 458 3069 20
481 3006 593 3068 Martii
609 3004 700 3065 'detis
727 3003 847 3066 litteris
868 3022 961 3082 expo-

9 3097 63 3159 suit
81 3118 123 3160 ex
150 3100 320 3162 rationalis
341 3102 454 3163 Gallici
476 3101 654 3162 Conventus
677 3097 813 3158 decretis
834 3100 961 3176 peraeta

7 3206 64 3250 esse
84 3195 292 3271 Argentorati
312 3199 423 3256 contre
445 3197 515 3254 iura
535 3192 725 3270 apostolieae
747 3192 852 3262 Sedis,
874 3190 959 3251 Emi·

7 3285 173 3346 nentiesimi
186 3287 321 3366 episcopi
336 3305 372 3347 ac
385 3288 517 3367 insignis
531 3287 674 3365 Capituli
688 3285 802 3360 vestri,
819 3303 960 3363 praeser-

5 3374 58 3433 tim
78 3378 110 3436 in
134 3398 215 3440 nove
241 3380 356 3441 ibidem
388 3381 617 3458 illegitimaque
644 3378 813 3456 episcopali
836 3378 963 3438 electio-

6 3483 52 3538 ne,
67 3469 154 3545 plene
168 3471 395 3534 confirmarunt
409 3472 587 3550 praeclaros
602 3487 709 3532 sensus
725 3475 809 3545 tuos,
822 3473 962 3531 tuorum·
