2372 4198
226 338 281 410 liis
300 341 427 405 Nostris
447 339 481 401 S.
498 343 538 402 R.
555 341 592 400 ll.
608 337 848 412 Cardinalibus,
875 341 909 397 et
930 353 1000 395 ven.
1023 332 1184 394 Fratribus

225 435 490 514 archiepiscopis,
511 436 547 493 at
565 432 741 510 Episcopis,
756 449 792 492 ae
814 429 941 491 dilectis
954 428 1047 490 liliis
1063 427 1183 505 capitu·

226 529 285 604 lis,
312 530 417 603 clero,
439 527 609 605 etpopulo
629 528 720 604 regni
743 525 944 598 Galliarum
969 524 1017 586 ita
1037 541 1121 583 nune
1141 541 1181 580 ex·

226 624 384 686 andimus
406 625 443 684 ad
466 625 587 681 eosdem
610 621 741 698 populos
764 639 861 680 novas
881 619 1011 680 litteras
1025 617 1182 678 commoni·

226 719 327 781 turias
355 717 416 776 diei
445 717 483 777 19
507 715 675 792 praeteriti
706 715 821 774 mensis
845 713 979 785 Martii,
1006 715 1043 772 ad
1072 714 1181 771 eosden

219 811 337 873 missas
365 809 645 887 archiepiscopos,
671 810 859 886 Episcopus,
885 806 1053 884 capitula,
1077 806 1181 866 clcrnn

227 907 262 966 et
278 904 426 982 populum
441 903 627 972 Galliarum,
644 903 856 980 praefigentes
877 902 1014 978 spatium
1032 901 1184 976 sexaginta

229 999 368 1069 dicrum,
392 1016 411 1057 a
431 996 481 1058 die
504 997 587 1056 hisce
608 996 767 1072 adscripta
788 995 908 1056 litteris
933 997 1182 1054 numerandoruu

228 1110 285 1170 pro
306 1091 452 1162 secunda,
469 1090 664 1166 aliorumque
687 1089 854 1166 sexaginta
875 1089 996 1147 dierum
1020 1105 1081 1165 pro
1102 1085 1184 1146 tertia

226 1184 411 1259 monitione,
426 1183 518 1260 idque
539 1183 726 1260 praesertim
741 1183 916 1244 Benedicta
930 1182 1113 1242 Francisco
1126 1180 1184 1238 llo-2

228 1281 338 1350 tierio,
366 1277 620 1356 pseudo-vicario
645 1277 815 1354 capitulari
836 1275 1071 1337 avenionensis
1093 1274 1156 1334 Eocl

226 1374 310 1442 siae,
333 1371 500 1449 parochis,
523 1369 674 1442 vicariis,
701 1371 833 1447 aliisque
863 1369 1085 1447 presbyteris,
1109 1366 1178 1445 quit

227 1464 382 1542 legitimis
409 1463 585 1540 pastoribus
606 1482 667 1522 uon
690 1463 828 1541 delegati
856 1463 997 1540 regimen
1031 1457 1177 1539 spiritum

226 1558 429 1630 invasissent,
453 1562 487 1618 et
511 1558 583 1619 aliis
607 1557 830 1616 ecclesiasticis
860 1555 1121 1633 quibuscumque,
1142 1547 1179 1629 qn*

227 1651 307 1712 illud
323 1651 467 1727 deinceps
489 1650 692 1722 invaderent,
715 1649 810 1710 etiarn
834 1650 863 1708 in
887 1649 952 1708 rim
975 1653 1123 1708 tentatae
1143 1645 1180 1704 di·

227 1743 359 1806 visionis
381 1743 534 1803 ditionum
561 1745 769 1814 Nostrarum,
792 1743 884 1802 iuxta
904 1743 1051 1803 diversas
1072 1743 1178 1810 elasa

228 1837 379 1899 distincte
400 1841 433 1896 et
455 1836 634 1896 luculenter
654 1853 817 1913 expressas
838 1836 869 1894 in
892 1834 985 1893 novis
996 1837 1128 1896 Nostris
1138 1833 1180 1892 lit·

227 1929 319 2000 teris,
341 1945 473 2018 quarum
495 1929 684 2000 vobianen.
701 1930 845 1995 Fratres,
867 1927 1037 2004 complura
1058 1923 1182 2000 exempla

228 2023 398 2096 mittimus,
421 2025 458 2082 ut
479 2041 515 2082 ea
536 2023 621 2082 hisce
643 2023 764 2083 litteris
778 2023 898 2092 iuncte,
914 2024 1072 2099 quantum
1094 2021 1122 2079 in
1141 2033 1183 2074 rot

228 2118 275 2178 bis
297 2117 371 2186 erit,
395 2097 661 2176 circumferantur
676 2119 712 2176 ad
729 2116 886 2192 Capitale,
903 2119 938 2174 ad
960 2116 1099 2187 clerum,
1114 2107 1175 2172 etad

228 2211 377 2290 populum
399 2211 647 2270 Avenionensem
663 2211 966 2280 etGomitatensem;
982 2212 1058 2268 dum
1083 2211 1183 2274 intera

226 2303 325 2364 Nobis
340 2304 433 2362 etiam
456 2321 550 2363 curae
571 2304 646 2375 erit,
663 2307 700 2362 ut
714 2305 837 2362 eaedem
861 2319 920 2360 uon
944 2303 975 2361 in
998 2299 1163 2366 istcsmdt

229 2395 313 2456 sed
305 2414 336 2454 ιιι
359 2397 519 2472 proximas
540 2397 635 2455 etiam
657 2397 803 2472 regiones
821 2395 933 2471 ubique
948 2394 1128 2471 vulgentur
1135 2389 1165 2446 itt

228 2493 266 2548 ut
287 2506 375 2547 nemo
396 2489 469 2548 illas
491 2489 628 2565 ignoret.

290 2581 549 2647 Quemadmodum
565 2596 640 2638 vero
652 2569 1172 2638 intuentasNosaerumnosumGrl·

228 2674 401 2735 licanarum
424 2682 531 2732 rerum
552 2675 694 2744 statum,
720 2688 777 2746 per
802 2670 881 2730 alias
904 2671 1037 2730 litteras
1062 2672 1173 2731 einaim

229 2770 291 2831 diei
313 2768 352 2828 lu
372 2765 483 2827 Martii
503 2764 711 2825 concessimus
732 2764 994 2841 Archiepiscopis,
1017 2767 1053 2824 et
1074 2764 1175 2841 Episco-

228 2863 288 2940 pis,
312 2878 347 2920 ac
369 2857 556 2920 dioecesium
578 2857 890 2919 administratoribus
912 2857 1003 2934 regni
1020 2858 1174 2918 Galliarum

229 2955 403 3032 peculiares
424 2952 605 3024 facultates,
621 2953 734 3029 quibus
747 2952 812 3012 cito
826 2957 952 3028 possent
966 2951 1127 3029 spirituali
1139 2963 1178 3026 po·

229 3048 375 3126 pulcrum
398 3049 477 3107 bono
498 3047 681 3119 consulere3
704 3046 752 3105 ita
772 3063 840 3105 cum
868 3046 971 3106 minus
993 3061 1151 3106 aerumnas

216 3131 289 3201 'nou
311 3142 355 3200 sit
375 3145 478 3202 status
498 3157 604 3199 rerum
626 3139 887 3199 Aveuionensium
910 3145 942 3199 et
963 3137 1177 3200 venaisinico

230 3236 375 3306 mitatus,
398 3236 436 3295 ad
460 3252 515 3293 vos
534 3234 630 3292 etiam
652 3232 862 3302 extendimus,
886 3251 956 3292 ven.
974 3235 1114 3302 Fratres,
1128 3243 1182 3314 aar·¹

228 3329 298 3388 dem
314 3329 496 3399 facultates,
512 3345 579 3386 cum
597 3327 705 3386 iisdem
721 3326 951 3386 conditionibus
967 3321 1176 3405 comprehensi

226 3421 259 3481 iu
277 3422 413 3494 indulto,
429 3421 518 3481 cuius
541 3419 694 3479 nonnulla
715 3421 859 3497 exempla
880 3421 965 3480 hisce
988 3422 1118 3499 alligata
1135 3416 1172 3474 lit·

228 3516 310 3578 teris
331 3515 512 3576 invenietis.
