2498 4200
429 239 607 299 -229-

46 346 295 418 schismaticum,
318 344 422 421 inquit
442 346 523 421 apud
545 345 744 414 Eusebium,
768 343 853 404 Hist.
876 344 996 405 Eccles.

45 441 66 499 l.
78 443 112 513 8,
124 459 150 500 c.
164 441 216 499 37:
234 439 427 516 Oportuerat
447 442 559 498 omnia
578 439 780 498 incommoda
791 440 877 514 pati,
889 441 1001 514 potius

46 553 136 611 quam
156 533 321 594 Ecclesiae
340 533 403 592 Dei
422 532 589 593 discidisse
610 533 834 592 concordiam:
859 539 895 591 at
916 531 1001 592 illud

45 617 236 705 martyrium
250 627 336 704 quod
350 629 424 703 puis
434 628 576 702 patitur,
590 643 632 685 ne
645 625 825 684 dirimatur
836 624 999 686 Ecclesiae

45 725 213 793 consensio,
229 739 298 780 non
318 723 429 780 minus
449 728 542 792 certe,
559 738 626 780 meo
640 720 772 797 quidem
795 719 927 790 iudicio,
945 718 1000 778 sed

45 819 137 876 multo
156 817 232 890 plus
253 814 348 874 babet
368 815 670 885 commendationis,
688 830 787 890 quam
809 813 894 872 illud
914 811 1000 890 quod

44 910 225 985 suscipitur,
242 924 283 967 ne
305 908 400 966 idolis
421 909 616 967 immoletur.

94 1001 152 1061 His
174 1003 280 1060 autem
306 999 458 1060 doctrinis
479 1000 609 1077 positis,
630 1001 710 1060 haud
734 998 858 1058 difficile
886 998 1000 1059 fuisset

45 1094 145 1153 statim
159 1098 194 1153 at
214 1094 356 1152 breviter
369 1092 594 1169 praescribere,
610 1111 761 1168 quaenam
784 1091 896 1170 agendi
915 1091 998 1153 ratio

44 1187 70 1246 in
82 1189 292 1246 matrimonio
307 1189 390 1245 esset
404 1187 549 1245 tenenda.
566 1186 714 1252 Quamvis
729 1187 810 1244 anim
827 1187 932 1245 eadem
947 1185 999 1243 hic

44 1281 205 1341 difficultas
216 1281 316 1357 possit
329 1297 507 1352 occurrere,
522 1283 569 1351 ut,
583 1281 609 1338 si
623 1281 731 1340 fideles
744 1298 762 1339 a
774 1281 910 1356 parocho
923 1278 1001 1356 legi-

45 1377 113 1435 timo
139 1376 399 1450 coniungantur,
425 1374 550 1433 intruso
578 1373 704 1450 penitus
732 1374 867 1445 omisso,
890 1390 999 1432 eorum

44 1468 240 1530 matrimonia
260 1467 343 1527 omni
365 1467 444 1526 iuris
466 1467 572 1526 civilis
601 1467 749 1526 beneficio
771 1467 997 1538 destituantur,

47 1569 139 1623 umen
163 1562 241 1621 illae
269 1562 393 1621 eaodem
415 1562 575 1632 rationes,
600 1579 680 1636 quae
702 1579 796 1637 supra
822 1559 999 1637 explicatae

49 1662 119 1729 sunt,
134 1673 205 1716 cum
221 1657 259 1714 dc
271 1654 427 1731 baptismo
443 1658 605 1732 ageretur,
618 1655 668 1712 hio
683 1654 779 1713 etiam
791 1655 853 1712 vim
868 1655 998 1725 habent,

47 1755 72 1810 et
82 1753 193 1811 vetant
208 1768 245 1809 ne
261 1747 367 1808 fideles
383 1767 401 1808 a
415 1749 550 1824 parocho
573 1749 696 1809 intruso
711 1749 742 1808 in
758 1747 998 1808 matrimonium

46 1846 278 1921 coniungantur.
296 1843 433 1914 Varum,
448 1841 521 1917 quia
536 1842 574 1900 ab
596 1842 746 1918 episcopis
764 1840 999 1901 consulentibus

47 1938 215 2016 propositus
237 1935 300 1994 luit
321 1953 400 1994 unus
423 1936 474 1993 vel
497 1935 580 1994 alter
601 1937 709 1994 modus
730 1935 841 1995 civiles
870 1935 999 1994 effectus

47 2029 284 2092 inmatrimonio
298 2027 437 2087 fidelium
453 2027 655 2106 adiungendi,
669 2047 793 2088 necesse
808 2029 871 2089 luit
886 2030 998 2088 horum

49 2125 128 2186 otiam
152 2121 343 2200 peculiarem
369 2121 483 2182 habere
505 2121 673 2182 rationem.
694 2123 778 2182 Modi
799 2125 904 2182 autem
920 2131 998 2200 'pro-
1034 2157 1036 2163 ·

49 2218 130 2292 positi
153 2215 333 2276 huiusmodi
355 2218 441 2287 sunt,
458 2220 495 2274 ut
508 2215 683 2275 catholicus
705 2217 756 2275 vel
772 2218 896 2276 veniam
910 2220 1001 2294 petat

47 2311 77 2370 ab
95 2312 221 2372 intruso
235 2308 470 2369 matrimonium
485 2308 664 2367 celebrandi
684 2327 788 2369 coram
803 2312 999 2372 sacerdotes

48 2422 73 2462 so
91 2404 247 2482 eligendo,
264 2403 315 2461 vel
337 2405 373 2461 ut
387 2403 486 2461 eidem
507 2403 642 2474 intruso,
658 2406 714 2462 aut
735 2404 938 2481 magistratui
953 2405 1000 2464 ci-

47 2499 96 2558 rili
116 2495 353 2559 matrimonium
375 2515 445 2557 aso
466 2498 662 2556 contractum
684 2498 835 2558 declaret.

96 2595 257 2653 Adversus
272 2595 375 2650 tamen
392 2609 444 2650 eos
468 2590 584 2661 modos,
598 2589 693 2649 iidem
716 2592 912 2651 consulentes
927 2592 1000 2668 plu-

46 2701 88 2743 res
100 2690 134 2744 et
146 2683 271 2762 quidem
287 2701 400 2761 graves
419 2684 555 2743 afferunt
570 2681 782 2742 difficultates.
800 2683 898 2744 Aiunt
913 2685 997 2743 enim

47 2776 192 2838 incertum
213 2795 293 2850 osse,
309 2795 347 2836 an
370 2778 510 2837 intrusus
526 2782 560 2837 et
572 2777 676 2836 civilis
696 2779 904 2854 magistratus
926 2796 999 2854 per-

47 2872 163 2932 missuri
185 2871 250 2931 sint
269 2870 442 2930 catholicos
474 2869 542 2930 illis
568 2871 616 2930 uti
638 2870 754 2942 modis,
780 2873 998 2948 incertumque

44 2964 142 3039 etiam,
159 2982 235 3024 num
256 2982 295 3023 ex
317 2982 377 3022 uno
405 2964 456 3024 vel
478 2966 579 3026 altero
602 2968 710 3039 modo,
738 2965 939 3026 matrimonia
960 2965 999 3024 fl-

46 3057 153 3117 delium
177 3058 289 3118 civiles
311 3059 438 3117 effectus
460 3059 635 3137 acquirent.

97 3155 155 3213 Sed
171 3152 244 3212 istis
255 3153 492 3214 difficultatibus
505 3155 639 3227 omissis,
653 3155 709 3214 hae
722 3172 800 3230 quae
813 3154 998 3232 religionem

47 3246 194 3324 tangunt,
216 3247 379 3324 graviores
402 3247 487 3308 visae
510 3253 600 3322 sunt,
624 3252 660 3308 ut
681 3248 774 3308 iidem
803 3251 998 3310 consulentes

48 3341 345 3412 animadvertebant,
360 3342 551 3420 proindeque
573 3345 612 3404 ob
625 3344 732 3403 oculos
749 3344 999 3406 considerantius

49 3433 207 3496 habendae.
225 3436 259 3496 si
281 3437 363 3494 onim
386 3437 558 3497 catholicus
576 3439 810 3498 matrimonium
833 3457 851 3498 a
873 3457 904 3498 se
926 3458 1000 3499 con·

50 3528 178 3590 tractum
192 3531 329 3608 parocho
340 3531 464 3590 intruso
476 3531 628 3604 declaret,
640 3531 692 3596 vel
707 3532 733 3590 si
748 3533 997 3608 matrimonium,
