2374 4196
613 249 651 262 ..
674 217 734 278 364
756 249 794 262 .-

231 327 283 386 sed
307 343 363 384 nec
385 324 482 385 ullam
504 327 671 401 suppetere
689 323 858 396 rationem,
875 326 914 384 sd
931 325 1160 400 necessarismpe·

230 419 342 480 cuniae
363 417 428 478 vim
443 434 500 493 pro
514 416 674 494 praesenti
691 415 880 478 necessitate
894 417 1159 497 colligemuscum

110 527 111 532 ’
198 591 200 594 y
231 513 292 572 hoc
312 514 479 590 praecipue
509 517 651 590 tempore
679 517 769 574 tento
797 512 898 590 magis
925 512 1023 591 ipsius
1041 512 1160 574 hubondu

231 607 382 682 pecuniae
410 609 535 668 crescat
568 607 760 680 difficultas,
787 610 866 683 quod
892 609 1021 669 eandem
1044 603 1161 671 nonnulii,

233 698 413 762 inconsulto
434 720 530 775 sune,
557 702 748 780 perquirent
772 706 807 763 et
830 707 1023 780 corrogent‚
1047 705 1079 762 ut
1099 701 1162 760 extu

233 793 428 869 pontificiam
450 795 617 868 ditionem,
634 801 731 872 prout
748 795 809 873 ipsi
831 795 953 869 dicunt,
975 795 1008 856 in
1029 795 1163 870 tutudepo·

232 892 320 949 nunt.
344 889 411 956 Quo
432 888 516 950 facto
542 895 631 950 certe
656 889 842 962 declarant,
868 907 962 966 quum
990 889 1100 950 abiecto
1122 886 1163 946 sint

233 981 349 1055 animo,
366 986 399 1044 et
419 982 499 1044 ulios
519 982 573 1060 qui
596 981 762 1061 impavidi,
785 985 818 1042 et
839 982 971 1043 animosi
993 985 1074 1056 sunt,
1087 981 1163 1040 infor·

232 1076 380 1136 midinem
401 1079 570 1149 adducant3
585 1078 707 1153 quando
730 1083 818 1138 certe
831 1077 890 1154 ipsi
907 1096 964 1137 sus
983 1079 1119 1138 deberent
1128 1089 1163 1149 cpe

232 1171 383 1234 adiuvere
394 1175 516 1231 ceteros
527 1171 565 1230 ad
579 1170 792 1232 resistendum
804 1172 959 1245 hostibus,
973 1189 1083 1248 suoque
1093 1185 1163 1228 cren·

182 1311 184 1314 .
230 1263 281 1340 plo
302 1266 341 1324 ad
363 1264 486 1341 patriae
508 1263 718 1324 defensionem
733 1266 887 1326 excitare.
903 1266 1099 1343 Quapropter
1110 1259 1161 1321 niti

233 1356 295 1416 iam
316 1357 412 1418 Nobis
434 1363 483 1418 est
504 1355 682 1434 reliquum,
703 1375 794 1434 quum
822 1361 858 1418 ut
882 1357 920 1417 ad
946 1358 1081 1420 sanctius
1103 1371 1162 1417 sere·

233 1449 335 1521 rium,
358 1452 438 1526 quod
461 1451 633 1527 repositum
656 1453 706 1510 est
726 1449 759 1509 in
780 1469 853 1510 aroc
873 1451 993 1512 Nostra
1016 1451 1106 1511 sancti
1122 1453 1162 1508 in·

234 1543 316 1624 geli,
344 1542 710 1620 couiugiamus.‘1taque
736 1543 932 1604 decrevimus
960 1561 1103 1605 summam
1119 1542 1163 1600 inis

233 1640 475 1717 quingentorum
491 1641 626 1702 millium
643 1645 802 1702 scutorum
821 1642 966 1722 vulgaris
985 1647 1115 1704 monetae
1129 1642 1162 1698 du·

232 1752 388 1812 promere;
412 1754 511 1813 neque
532 1736 616 1796 enim
638 1736 756 1814 ambigi
776 1754 867 1813 posse
890 1737 1128 1813 credimusque
1142 1733 1161 1790 in

233 1849 270 1891 eo
292 1847 455 1890 versemur
484 1831 673 1908 gravissimo
697 1848 771 1890 essu
798 1830 997 1892 imminentis
1020 1831 1105 1902 belli,
1123 1843 1160 1903 qu

233 1921 287 1988 iel,
304 1939 368 1982 rec.
386 1921 496 1981 sixtus
511 1924 547 1983 P.
565 1923 601 1982 Ρ.
620 1924 660 1995 V,
677 1925 896 1999 praedeeessor
909 1924 1028 1983 Noster
1041 1919 1159 2000 pecuum

233 2014 410 2074 huiusmodi
425 2015 546 2092 abipso
561 2022 740 2093 congestam
757 2016 877 2076 desumi
893 2035 983 2094 posse
1006 2011 1158 2093 permisitiu

233 2108 297 2168 suis
318 2109 451 2186 desuper
479 2108 573 2168 editis
602 2109 900 2181 constitutionibus,
922 2127 1000 2186 quas
1020 2105 1156 2183 ceteroqui

235 2203 299 2262 tam
322 2201 419 2277 quoad
443 2200 541 2278 ipsius
562 2200 712 2277 pecuniae
734 2201 980 2276 extructionem,
995 2221 1083 2279 qnam
1096 2195 1155 2277 quui

233 2292 319 2369 leges
340 2293 424 2355 circa
445 2311 514 2354 eam
535 2293 699 2354 adiunctas
719 2297 866 2354 accurate
887 2311 923 2353 ac
951 2295 1111 2372 diligenter
1124 2287 1149 2348 d·

234 2403 364 2448 servare
385 2388 509 2446 omnino
531 2387 735 2460 intendimus,
759 2405 818 2446 non
840 2386 945 2447 minus
966 2388 1054 2449 illius
1072 2383 1148 2446 iuriis

233 2479 336 2552 rendi,
352 2497 412 2556 quo
427 2480 550 2558 saepius
565 2482 622 2540 hac
636 2481 667 2554 in
680 2499 715 2541 re
726 2483 789 2541 Deo
804 2481 929 2556 Optimo
944 2482 1090 2553 Maximo,
1100 2481 1152 2550 ibit

233 2572 308 2632 huic
322 2573 395 2632 Sedi
418 2573 509 2633 iidem
524 2575 674 2636 Nostram
695 2574 934 2647 obstrinximus,
950 2575 1097 2654 religione
1107 2584 1155 2630 con

235 2665 330 2744 pulsi,
347 2684 438 2744 quem
453 2668 620 2744 apostolici
643 2667 783 2728 muneris
797 2669 909 2730 Nostri
931 2669 1059 2729 adducti
1072 2665 1157 2726 rauce

235 2778 295 2836 qna
315 2779 354 2820 es
373 2760 489 2835 omnio,
502 2779 581 2838 quse
596 2780 615 2822 a
628 2761 926 2822 praedecessoribus
948 2762 1071 2825 Nostris
1088 2759 1158 2819 scoot

235 2859 269 2915 ot
289 2853 415 2915 utiliter
442 2855 617 2916 constituto
642 2855 737 2914 fuisse
763 2855 1158 2929 noscuntur,invi01utaor

234 2947 353 3008 stodire
375 2949 588 3008 admonemur.
601 2949 692 3010 Nunc
707 2949 839 3008 Vestras
861 2948 1054 3025 singulorum
1074 2949 1158 3006 secur

234 3040 295 3102 tias
317 3040 546 3102 venerabiiium
567 3042 716 3102 Fratrum
740 3045 973 3119 exspectemus.

530 3183 615 3248 Quid
640 3181 731 3243 Vobis
750 3183 903 3243 uidetur?

294 3320 496 3380 Auctoritate
517 3319 742 3396 omnipotentis
763 3320 831 3393 Dei,
847 3322 1026 3381 sanctorum
1044 3312 1157 3396 apostole

234 3436 305 3478 rum
320 3417 410 3479 Petri
425 3423 460 3479 et
472 3417 577 3491 Pauli,
593 3436 629 3479 ao
648 3419 776 3490 Nostro,
800 3421 924 3479 attento
946 3417 1156 3482 Fraternitntuffl

235 3513 422 3574 vestrarum
441 3510 581 3572 unanimi
602 3514 688 3585 roto,
704 3511 847 3585 oonsilio,
862 3516 897 3573 et
912 3529 1049 3586 assensu,
1063 3527 1093 3571 ec
1108 3517 1155 3582 qus
