2514 4198
233 209 333 288 >bles
346 209 453 287 qeines
466 209 673 288 spirituelles,
689 228 746 287 par
758 210 805 270 lea
816 209 1009 288 ingemeuts,
1025 227 1065 270 ou
1079 227 1168 287 par
1183 209 1235 280 les

233 315 433 377 »oeneus-es,
457 304 584 380 quoles
612 305 765 381 premiere
791 306 944 366 Pasteurs
969 306 1026 364 ont
1052 301 1169 363 droit
1196 303 1235 364 de

234 414 253 457 ›
267 415 440 474 prononcer
451 417 509 460 a...

254 521 255 526 κ
294 493 337 552 Et
358 494 461 552 tamon
483 496 593 554 contra
620 497 685 552 tam
707 493 880 553 certamin
912 491 1051 576 Ecclesia
1072 493 1235 551 senten·

234 581 325 658 tiam,
340 583 519 660 Conventus
532 584 593 645 iste
613 584 792 646 Nationalis
805 587 993 662 potestatem
1015 581 1076 644 sibl
1095 583 1235 644 Eoele«

234 678 299 738 siae
321 678 505 756 arrogavit,
525 680 599 739 dnm
620 681 672 739 tot
692 696 728 738 ao
756 681 847 739 tanta
867 679 1103 752 constitueret,
1136 693 1235 754 quae

235 789 305 831 cnm
326 772 484 849 Dogmati,
500 776 567 832 tum
581 771 810 834 ecclesiastieae
823 771 1013 850 Discipliuae
1027 771 1235 832 adversan-

236 869 303 940 tur,
318 870 352 928 et
372 866 444 926 dum
465 867 631 945 Episcopus
652 871 686 927 et
698 866 934 927 Ecclesiasticus
955 883 1061 925 omnes
1081 863 1235 924 iureiu-

234 960 333 1023 rando
347 961 384 1020 ad
398 960 446 1020 sui
456 961 583 1022 Decreti
594 960 825 1021 exsecutionem
838 960 1064 1037 adstringeret.
1081 959 1235 1018 Verum

236 1054 293 1113 hoc
315 1054 442 1114 minime
463 1053 578 1114 mirum
599 1054 702 1115 videri
722 1054 815 1116 debet
834 1054 886 1129 iis,
902 1055 955 1132 qni
975 1072 1016 1115 ex
1036 1055 1109 1132 ipsa
1137 1056 1235 1116 Gon-

236 1154 351 1224 rentus
361 1146 599 1210 'Constitutione
610 1147 908 1226 faoile'intelligunt
923 1148 968 1208 nil
983 1147 1069 1208 alind
1092 1147 1145 1208 ab
1162 1148 1231 1208 illa

238 1242 387 1321 spectari,
403 1245 497 1318 atque
517 1243 581 1318 agi,
596 1261 687 1320 quam
709 1247 745 1304 nt
758 1242 941 1303 aboleretur
961 1241 1129 1304 catholiea
1157 1245 1235 1303 Re·

238 1336 334 1415 ligio,
356 1337 389 1396 et
409 1354 479 1394 cnm
511 1337 617 1396 eadem
639 1337 747 1397 debita
778 1336 919 1414 Regibus
944 1335 1145 1396 obedientia.
1178 1336 1235 1394 Eo

238 1430 351 1509 qnippe
383 1429 514 1490 oonsilio
535 1429 716 1490 decernitur
737 1431 769 1489 in
801 1430 871 1490 iure
892 1429 1028 1510 positum
1050 1446 1155 1499 esse,
1187 1427 1228 1486 nt

237 1525 330 1585 homo
344 1527 376 1584 in
398 1522 548 1584 societate
563 1521 754 1584 constitutus
767 1522 943 1584 omnimoda
956 1525 1094 1602 gandeat
1106 1522 1225 1582 liber-

239 1621 318 1691 tate,
335 1621 372 1678 ut
391 1616 515 1678 turbari
536 1615 658 1677 scilicet
680 1617 765 1678 eirea
784 1617 983 1695 Religionem
997 1635 1058 1676 non
1081 1615 1224 1684 debeat,

238 1711 272 1772 in
293 1711 418 1788 eiusque
439 1709 575 1770 arbitrio
588 1709 631 1770 sit
652 1712 688 1770 de
703 1710 800 1788 ipsius
815 1710 989 1788 Religionis
1003 1711 1221 1787 argumento,

240 1803 389 1883 quidquid
412 1803 504 1877 velit,
518 1803 653 1880 opinari,
668 1803 766 1881 loqui,
778 1803 926 1876 scribere,
942 1823 978 1864 ac
999 1803 1088 1881 typis
1110 1803 1222 1862 etiam

240 1898 404 1976 evulgare.
419 1898 503 1964 Quae
524 1904 597 1957 sane
624 1904 765 1958 monstra
791 1893 830 1957 ab
851 1896 909 1957 illa
928 1894 1091 1956 hominnm
1122 1895 1219 1954 inter

241 2009 273 2052 se
294 1989 506 2068 aequalitate,
528 1992 719 2066 naturaeque
734 1990 884 2051 libertate
898 1988 1057 2062 derivari,
1070 2007 1109 2048 ac
1124 2005 1219 2048 ema-

241 2102 316 2145 nare
339 2082 525 2145 declaravit.
542 2084 602 2142 Sed
626 2083 700 2159 quid
725 2083 865 2144 insanius
886 2083 1062 2162 excogitari
1087 2083 1215 2159 potest,

241 2175 451 2255 quamtulam
472 2173 697 2252 aequalitatem
721 2175 964 2253 libertatemque
992 2176 1078 2236 inter
1101 2191 1216 2235 omnes

240 2270 455 2341 constituere,
480 2272 515 2329 ut
535 2267 581 2328 nil
602 2269 718 2329 rationi
747 2270 931 2343 tribuatur,
956 2287 1018 2346 qua
1038 2270 1214 2347 praecipue

241 2365 410 2424 humanum
432 2379 530 2438 genus
549 2380 568 2422 a
589 2367 703 2422 natura
717 2364 896 2440 praeditum
915 2366 983 2438 est,
998 2366 1093 2440 atque
1116 2382 1138 2424 a
1161 2379 1212 2421 ce-

242 2453 322 2516 teris
341 2453 553 2514 animantibus
567 2453 795 2532 distinguitur?
808 2457 884 2516 Gum
898 2455 1053 2516 bominem
1068 2454 1214 2516 creasset

242 2550 336 2623 Dens,
358 2565 489 2624 eumque
510 2545 543 2605 in
564 2547 715 2608 Paradiso
736 2549 910 2627 voluptatis
931 2549 1104 2627 posuisset,
1131 2565 1211 2608 non-

244 2659 283 2702 ne
303 2644 410 2702 eodem
432 2644 571 2718 tempore
592 2640 654 2717 ipsi
673 2643 784 2702 mortis
812 2659 940 2720 poenam
961 2641 1098 2715 indixit,
1124 2642 1151 2702 si
1174 2640 1212 2698 de

242 2725 332 2814 ligno
351 2733 499 2794 scientiae
520 2733 592 2794 boui
612 2737 647 2794 et
668 2735 744 2795 mali
759 2737 963 2798 comedissetl
977 2753 1077 2796 nonne
1098 2733 1211 2796 statim

241 2830 301 2889 hoo
322 2829 422 2906 primo
438 2830 603 2905 praecepto
618 2829 684 2889 eius
699 2829 873 2890 adstrinxit
886 2828 1083 2890 libertatemi
1096 2830 1210 2890 Nonne

243 2919 400 2997 deinoeps,
415 2938 485 2979 oum
505 2938 562 2997 per
582 2919 825 2982 inobedientiam
853 2939 886 2982 se
918 2939 1006 2982 reum
1026 2919 1206 2990 effecisset,

244 3013 336 3091 plura
356 3016 524 3090 praecepta
544 3030 601 3090 per
614 3014 745 3092 Moysen
766 3013 937 3074 adiunxitl
956 3017 1000 3076 Et
1015 3013 1093 3074 licet
1106 3013 1208 3092 ipsum

128 3161 131 3170 .
243 3107 429 3182 reliquisset
447 3108 485 3166 iu
498 3122 601 3167 manu
614 3109 745 3168 consilii
756 3109 819 3180 sui,
836 3111 874 3168 nt
887 3109 964 3167 bene
973 3125 1032 3186 seu
1047 3107 1131 3168 male
1146 3121 1208 3167 me·

245 3198 311 3259 reri
330 3203 445 3276 posset,
460 3199 663 3260 nihilominus
684 3185 801 3262 adiecit
820 3201 1000 3274 mundato,
1027 3209 1058 3261 et
1075 3215 1207 3278 praece-

242 3300 314 3370 pta,
330 3300 368 3351 ut
388 3294 418 3351 si
436 3294 576 3354 voluerit
597 3310 735 3366 servare,
751 3302 994 3356 conservassent
1015 3311 1089 3356 eum
1109 3294 1166 3376 (1).

310 3411 345 3468 u>
361 3407 534 3458 Rooleaiasflo.
546 3420 602 3469 oap.
613 3409 668 3469 XV,
679 3421 748 3459 vers.
761 3411 799 3458 lb.
811 3412 838 3458 et
848 3411 887 3458 le.
