2514 4198
441 207 621 272 -101-

53 335 183 395 poenam.
208 319 278 378 Hoc
299 320 440 397 exemplo
460 309 708 397 perterrefactus
721 320 897 396 Imperator
911 318 1014 377 Theo·

54 411 145 471 dusius
172 411 307 474 destitit
335 413 478 490 abripere
507 411 683 490 depositum
711 411 872 472 cuiusdam
900 409 1012 474 viduae

53 507 243 565 asservatum
267 505 298 566 in
320 506 460 567 Ecclesia
481 505 659 579 Ticinensi,
683 508 718 566 ut
739 507 869 566 enarrat
890 503 922 564 S.
939 505 1014 564 Am-

52 596 164 658 brosius
179 598 241 679 (l).

100 694 212 769 Atque
236 693 290 754 hic
311 691 381 771 quis
403 711 547 772 umquam
562 693 622 754 sibi
635 694 834 770 persuadeat,
848 693 927 770 quod
942 710 1013 752 cum

51 789 256 862 occupentur,
269 790 365 865 atque
380 791 572 865 usurpentur
581 786 804 860 Ecclesiarnm,
817 785 1013 848 Ecclesiasti·
1082 845 1085 853 ,

50 895 220 956 corumque
250 880 486 943 Catholicorum
512 879 611 956 bona,
631 884 876 957 praeserventur
901 886 1013 942 contra

49 970 128 1031 fundi
154 973 438 1046 Protestuntibus,
461 991 536 1051 quos
557 973 617 1052 ipsi
637 972 670 1034 in
691 973 889 1051 Religionem
909 976 1013 1038 rebel·

51 1063 142 1126 lantes
164 1066 378 1141 invaserant,
401 1067 534 1128 adducta
554 1067 797 1128 conventionum
819 1068 931 1128 causat
944 1069 1014 1129 Soi-

52 1157 118 1219 licet
139 1179 243 1238 penes
264 1159 465 1222 Nationalem
488 1161 683 1222 Gonventum
707 1160 783 1222 illae
804 1179 873 1220 cnm
895 1163 1014 1222 Prote-

50 1253 201 1314 stantibus
245 1245 468 1316 conventiones
506 1254 698 1328 valuerunt,
732 1255 907 1316 sanctiones
937 1271 1014 1316 vero

52 1347 233 1422 canonicae,
260 1351 446 1426 sanctaeque
478 1347 570 1409 huius
592 1349 681 1410 Sedis
709 1366 779 1410 cum
800 1351 887 1426 Rege
907 1349 1014 1410 Fran·

52 1437 120 1498 cisco
140 1442 176 1501 1..
189 1445 286 1518 pacta
308 1459 367 1502 non
388 1443 578 1516 valuerunt3
594 1442 772 1520 placuitque
792 1442 859 1503 illis
879 1442 911 1501 in
926 1460 963 1504 ea
976 1459 1012 1503 re
1039 1439 1046 1447 “

59 1532 240 1607 gratificari,
259 1534 292 1595 in
307 1553 367 1612 qua
381 1535 438 1596 Dei
453 1535 671 1596 Sacerdotium
686 1534 935 1612 disperdebatur.
952 1535 1013 1596 Sed

60 1624 113 1698 quis
132 1645 197 1687 non
221 1627 317 1688 facile
338 1627 518 1706 intelligat,
534 1627 567 1687 in
588 1628 647 1688 hac
661 1627 812 1688 bonorum
825 1628 1014 1689 ecclesiasti·

60 1733 146 1782 corum
170 1723 394 1799 occupatione,
409 1722 496 1783 inter
510 1724 617 1783 cetera
636 1721 668 1781 in
691 1720 793 1783 animo
807 1721 927 1795 haberi,
944 1739 1014 1798 spe·

56 1813 211 1893 eurique,
235 1819 272 1876 ut
294 1833 386 1877 sacra
405 1816 613 1894 profanentur
637 1815 773 1893 templa,
796 1819 832 1876 ut
855 1815 1013 1877 Ecclesiae

53 1903 185 1970 Ministri
220 1909 253 1970 in
276 1911 411 1970 omnium
439 1913 651 1989 contemptum
680 1911 893 1983 adducantur,
917 1910 1012 1986 utque

55 1996 99 2058 alii
110 2001 141 2062 in
155 2007 320 2082 posterum
337 2021 356 2062 a
370 2006 454 2065 sorte
466 2004 590 2065 Domini
599 2004 764 2083 deligenda
775 2004 1013 2065 deterreanturl

54 2091 109 2154 Vix
134 2097 223 2156 anim
252 2115 290 2157 ea
317 2097 464 2188 usurpari
493 2098 574 2158 bona
601 2101 789 2176 coeperant,
811 2116 880 2158 cum
903 2096 1012 2157 statim

56 2183 146 2249 divini
168 2190 278 2251 cultus
300 2191 433 2252 abolitio
453 2193 619 2252 consecuta
640 2195 707 2265 est,
731 2191 854 2254 occlusa
875 2190 1012 2269 templa,

56 2297 151 2347 sacrae
181 2286 396 2364 supellectiles
416 2291 560 2360 amotae,
582 2288 615 2346 et
636 2304 757 2348 cessare
778 2286 880 2347 iussus
907 2285 940 2345 in
962 2303 1014 2346 ec-

56 2373 149 2440 clesiis
166 2380 350 2441 divinorum
364 2379 541 2441 officiorum
563 2383 684 2442 cantus.
699 2383 858 2441 Hactenus
880 2380 1014 2458 gloriari

57 2472 152 2542 potuit
176 2473 287 2535 Gallia
306 2473 369 2534 iam
391 2477 446 2535 VI.
462 2474 586 2536 saeculo
607 2492 700 2552 panes
715 2493 747 2534 se
762 2473 944 2535 introducta
958 2475 1015 2535 llo·

59 2567 148 2631 misse
170 2571 384 2633 saecularium
400 2572 594 2635 clericorum
608 2572 768 2650 collegia,
787 2591 840 2631 seu
855 2571 1013 2649 capitula,

58 2663 87 2720 u
104 2665 214 2725 videre
237 2668 285 2726 est
304 2668 387 2742 apud
403 2667 594 2744 (tragurium
609 2668 822 2726 Turonensem
839 2665 897 2743 (2),
912 2668 1015 2741 patet·

58 2770 105 2829 que
126 2777 168 2819 ex
190 2758 265 2818 aliis
286 2760 515 2835 monumentis,
530 2777 609 2836 quae
630 2758 851 2820 aMabillonio
866 2759 898 2818 in
910 2762 1012 2821 veter.

57 2846 195 2913 Analecu.
211 2853 411 2914 adducuntur
425 2853 483 2932 (3),
499 2856 592 2929 atquo
607 2870 626 2912 a
640 2852 778 2914 Concilio
793 2854 849 2913 111.
862 2852 1014 2912 Aurelia·

59 2947 136 3006 nansi
164 2946 276 3008 habito
305 2967 387 3009 anno
408 2947 469 3009 538
483 2946 540 3027 (4).
557 2948 617 3008 Sed
645 2949 737 3008 modo
762 2947 889 3025 cogitur
909 2947 1015 3008 Gallia
1065 2957 1076 2986 ⁸

60 3035 116 3112 ipsa
144 3059 254 3101 eorum
284 3041 399 3102 deflere
428 3041 629 3103 abolitionem
657 3043 734 3103 adeo
761 3041 898 3117 iniuste,
920 3044 1015 3120 atque

110 3211 146 3264 (1)
164 3207 260 3255 mun
277 3206 308 3254 ds
326 3208 396 3256 Otto.
414 3219 470 3266 cap.
483 3207 572 3264 XXIX,
589 3220 617 3254 n.
635 3208 681 3255 150
696 3208 723 3255 et
739 3209 793 3266 151,
811 3208 872 3255 tom.
890 3207 925 3265 11,
943 3217 1011 3268 oper.

58 3282 372 3340 ltz.108,edit.biuurln.
397 3327 399 3332 .
489 3325 492 3332 i
726 3279 731 3284 ’
832 3325 833 3330 ,

111 3362 146 3416 (2)
162 3360 260 3408 mator.
270 3361 391 3408 Francor.
401 3359 448 3408 lib.
459 3362 491 3417 X,
502 3356 525 3421 §.
538 3360 606 3416 XVI,
616 3369 676 3418 pac.
688 3358 743 3406 tus.

111 3433 145 3489 (8)
163 3432 520 3494 rag.sss.ec.rarn.1vuu.
586 3477 588 3482 .
655 3473 659 3481 .
690 3474 692 3480 ,
922 3487 923 3492 Ἰ

111 3510 144 3564 (t)
162 3510 260 3558 canon.
274 3511 303 3557 11
320 3522 378 3568 pau.
390 3509 484 3566 habbe,
497 3511 558 3558 tom.
570 3511 601 3566 V,
614 3506 709 3558 conell.
721 3521 746 3567 p.
758 3509 829 3558 llll.
