2456 4192
230 300 399 373 ceptorem,
416 295 469 354 ubi
484 294 616 371 deniquo
634 293 926 354 Ecclesiastioorum
940 290 1129 352 Praesidnm
1148 309 1202 368 ap·

230 387 389 468 probatio,
410 391 445 448 et
465 385 663 463 Apostolicue
678 385 769 446 Sedis
789 387 828 446 ad
850 385 882 444 id
903 383 1073 446 accesserit
1089 385 1200 457 venia,

229 481 270 542 iis
290 480 413 542 scilicet
433 479 576 540 omnibns
596 478 734 541 servatis
761 478 915 552 cautelis,
937 495 1013 554 ques
1036 479 1130 538 docte
1155 497 1203 540 sa-

229 575 414 653 pienterque
438 571 613 650 explicavit
634 573 779 632 Summus
805 571 883 632 item
904 569 1053 631 Pontifex
1075 571 1108 630 iu
1134 573 1202 631 auis

230 666 365 728 Litteris
393 667 425 724 iu
454 665 555 734 forma
580 652 694 726 Brevis
721 664 760 724 ad
788 662 975 740 Episcopum
1002 663 1201 722 Brunensem

232 760 431 822 Vindebouee
459 758 543 820 datis
569 757 671 836 pridie
692 759 765 818 Idus
788 756 908 834 Aprilis
934 757 1008 816 anni
1036 755 1117 818 1782
1139 755 1198 834 (1).

294 959 329 1011 iil
340 960 395 1006 Hae
407 960 528 1016 Litterae,
546 959 634 1016 utpote
649 956 754 1004 maximi
769 955 891 1004 momenti
906 967 953 1014 pro
969 954 1106 1013 3111111111
1117 953 1200 1002 Galli·

231 1034 302 1082 osuis
317 1033 451 1094 utriusque
466 1047 550 1092 mnus,
568 1033 611 1082 bio
627 1031 808 1080 subiioluutur.
821 1029 904 1089 (Not.
916 1028 994 1100 Edit.
1007 1043 1054 1078 aa.
1067 1027 1150 1086 1800).

577 1177 739 1224 mmmm
754 1177 850 1215 rueret

638 1301 791 1348 minius

542 1411 727 1474 Bremenium
748 1411 884 1478 Episcopo

426 1552 450 1670 'x
497 1557 636 1626 PlUS
676 1556 829 1624 riri
868 1561 925 1625 vi.

311 1715 376 1768 Vera.
387 1716 492 1778 Γναῖον,
511 1715 632 1767 Salutem
648 1723 674 1766 ei
690 1715 872 1782 Apostolicem
889 1715 1116 1768 Benedictioesem.

283 1892 322 1938 Ex
337 1890 443 1938 Litteris
458 1903 523 1949 quas
534 1891 579 1938 VI.
589 1891 677 1938 Nouus
686 1890 781 1946 1111111,
793 1902 823 1938 ao
834 1891 928 1938 iterum
938 1893 986 1937 111.
999 1892 1088 1939 Nonas
1099 1891 1196 1950 Aprilis

230 1966 325 2016 ediles
341 1964 443 2023 dedisti,
461 1978 566 2024 gravem
581 1966 704 2013 moeroris
720 1979 823 2014 causum
840 1968 991 2026 accepimus.
1009 1965 1126 2016 Dolonis
1142 1968 1196 2026 qui·

230 2043 287 2091 dem
302 2056 344 2091 res
360 2045 407 2100 est,
426 2055 489 2102 quse
504 2043 644 2096 nonnullos
659 2043 825 2102 bagularium
836 2043 943 2091 Ordines
953 2045 1004 2091 buo
1013 2044 1127 2103 illucque
1137 2043 1194 2090 sub·

229 2127 323 2182 movet,
341 2138 372 2174 so
385 2121 455 2172 'viros
464 2121 615 2183 scemeca,
627 2137 764 2182 sacrosque
775 2126 894 2184 virgines
903 2125 991 2174 delicit
1001 2127 1193 2175 abiouesterlis.

293 2201 342 2250 Sed
357 2202 436 2249 nimis
449 2213 601 2261 properesse
617 2203 653 2248 'ie
669 2201 823 2251 arbitramur
832 2214 863 2250 ea
872 2203 1061 2261 Declaratlone,
1073 2215 1138 2263 quae
1147 2205 1197 2252 bio·

228 2281 326 2328 nsebos
343 2279 528 2328 carthusianos
544 2281 600 2325 'llus
616 2279 652 2348 iu
671 2278 804 2336 Dioecesi,
821 2279 910 2327 stetim
926 2292 942 2327 a
957 2279 1068 2339 propriis
1083 2281 1195 2339 Legibus

229 2355 383 2414 nemusque
398 2355 493 2404 liberos
509 2355 657 2414 solutosque
672 2356 811 2412 renuntiet,
829 2358 859 2402 ut
870 2355 1041 2404 conditionem
1051 2357 1195 2416 statumque

229 2430 440 2490 Presbyterum
450 2430 621 2480 moniarium
629 2431 699 2478 illico
709 2429 774 2479 inire
786 2431 898 2480 valesut.
912 2433 1046 2481 Generalis
1052 2433 1119 2481 baeo
1128 2446 1196 2482 nari·

229 2519 279 2566 que
294 2506 458 2566 Declaratio,
476 2520 541 2566 quse
556 2508 640 2556 inscie
659 2519 764 2566 prorsus
781 2507 844 2555 Sede
860 2507 1024 2567 Apostolioa,
1042 2509 1109 2566 ribi,
1129 2513 1191 2558 Vsu.

228 2583 336 2642 Fictor,
355 2585 497 2644 opportuna
511 2584 586 2632 maiis
601 2583 660 2633 viss
675 2585 729 2642 est,
746 2583 826 2632 Nobis
842 2597 900 2632 oum
921 2583 1116 2645 intempestive,
1140 2587 1194 2632 turn

228 2659 339 2721 periculi
353 2659 430 2719 plena
444 2657 555 2708 vitiatur.
795 2655 797 2659 ’

292 2735 439 2786 emendum
452 2736 577 2796 imprimis
600 2735 656 2792 est,
674 2735 704 2782 ut
720 2747 806 2783 omnes
824 2735 853 2782 in
872 2735 1007 2784 vocatione
1022 2729 1071 2784 sui
1091 2748 1193 2796 perma-

228 2812 316 2870 neant,
333 2811 440 2872 ideoque
455 2810 483 2860 iu
500 2810 560 2869 alia,
571 2810 615 2858 vel
629 2809 734 2869 proprii,
752 2810 911 2860 vel'slteiius
919 2811 1032 2860 instituti
1039 2811 1194 2860 bioussteiie

229 2901 256 2937 se
272 2887 406 2949 recipiant,
424 2887 469 2934 ubi
485 2887 546 2935 rote
566 2885 699 2944 solemnis,
718 2886 811 2945 quibus
826 2889 909 2936 vitem
924 2889 976 2936 Deo
994 2889 1192 2943 oouseorsrunt,

227 2963 277 3012 tlte
293 2965 411 3023 rectaque
427 2961 583 3023 persolvant.
601 2959 680 3010 Nulla
695 2973 781 3010 rerum
796 2963 967 3012 humansrum
976 2963 1051 3022 ratio,
1064 2975 1142 3023 quem
1152 2965 1192 3018 is.

227 3037 256 3088 iu
271 3039 455 3088 iloueoborum
470 3049 557 3095 oense,
575 3048 637 3097 pree
653 3035 735 3084 oeulis
750 3037 871 3087 babuisse
887 3039 988 3097 scribis.
1006 3037 1052 3088 sei
1067 3051 1123 3088 uus
1138 3051 1193 3087 con-

227 3114 351 3164 sulentise
366 3114 393 3162 st
407 3111 501 3161 solutis
511 3123 575 3162 oure
590 3110 709 3162 habenis
724 3114 772 3161 est.

292 3192 363 3238 Haeo
377 3200 442 3237 sena
456 3187 544 3238 verbis
567 3185 764 3259 1111111ιῶ1111
779 3188 812 3238 iia
829 3189 862 3239 ai
878 3201 943 3248 qnos
957 3189 1085 3250 pertinet,
1102 3199 1195 3250 eosque

230 3265 361 3323 confirma,
379 3265 403 3314 si
419 3263 579 3331 apropoaito
595 3263 724 3313 declinere
740 3277 888 3324 cognoscas.
909 3267 948 3313 Ao
964 3264 987 3312 al
1004 3265 1071 3314 iorte
1087 3265 1195 3326 ouipiuu

231 3341 339 3399 occidat,
357 3341 387 3388 ut
402 3341 559 3400 receptorem
576 3341 625 3388 sibi
641 3342 750 3401 nequest
765 3341 888 3400 iuvenire,
901 3340 929 3388 11
938 3342 988 3390 boo
999 3343 1101 3390 tentum
1118 3342 1193 3390 lnior

227 3417 301 3466 tunic
311 3417 420 3466 11111111
430 3429 489 3465 euin
497 3414 596 3466 1111111
612 3416 641 3464 lu
650 3417 721 3464 stetu
731 3416 877 3476 Presbyteri
887 3415 1030 3466 seconisris
1039 3429 1191 3477 permanere,

229 3491 351 3552 11111111
366 3493 405 3544 its
420 3491 511 3544 vivere
524 3490 581 3543 seis
595 3490 749 3542 necesitate
767 3493 880 3552 cogetur.
