2364 4198
618 227 797 304 ..244-

225 343 327 397 staret
367 335 490 408 Mauo,
524 344 622 414 atque
655 335 806 410 floreret,
837 337 964 410 sperari
997 345 1112 413 posset.
1136 336 1173 393 At

225 438 387 507 quantum
408 431 557 506 inpetus
577 437 724 490 rnutatae
744 445 853 490 rerum
873 429 958 489 vices
975 429 1039 506 (l)l
1055 431 1120 492 Nec
1137 435 1173 492 est

227 522 348 583 veritus
368 540 495 596 eorum,
519 524 572 601 qui
599 524 631 583 in
654 523 770 584 Galliis
799 523 934 600 degunt,
957 521 1172 594 conditionem,

225 635 295 678 cum
317 616 447 678 illorum
467 617 648 677 conditione
669 633 869 694 comparere,
892 615 947 693 qui
967 619 1052 693 apud
1079 616 1172 676 infide·

224 710 272 770 les
292 713 529 771 commorantur
543 708 599 788 (2).
616 709 790 786 Descripsit
809 728 930 786 quoque
945 709 1131 770 violentiam
1142 710 1173 768 al·

224 803 342 865 tarium
356 802 511 864 ministris
525 802 650 864 illatam
666 801 723 880 (3),
736 821 797 862 non
812 821 848 862 eo
862 802 988 880 quidem
1002 805 1112 863 animo
1123 807 1173 862 ten·

224 897 267 958 tis
287 896 419 959 excidiis
438 896 557 956 obicem
578 895 769 973 opponendi,
792 896 895 958 veluti
921 897 1172 974 archiepiscopum

223 992 258 1050 et
277 988 468 1051 cardinalem
491 988 664 1062 decuisset,
680 991 731 1050 sed
753 988 857 1051 auimo
878 989 1006 1066 tegendi
1023 991 1168 1050 consilium

224 1083 263 1144 ab
284 1100 317 1144 se
338 1085 516 1159 susceptum
537 1083 574 1142 de
596 1082 732 1158 tempori
753 1084 844 1140 caute
866 1081 1032 1142 serviendo
1049 1083 1109 1162 (4);
1122 1101 1170 1142 cor-

223 1175 330 1236 silium
352 1175 494 1254 profecto
515 1193 682 1253 numquam
703 1177 784 1252 apud
806 1174 920 1234 Patres
941 1175 1166 1254 receptum,sed

223 1273 316 1332 antea
342 1269 410 1329 ab
402 1286 470 1346 1pso
498 1268 669 1340 homerio,
693 1271 728 1329 et
757 1265 976 1328 auditarum
1005 1271 1098 1330 clero
1119 1273 1166 1330 nott

222 1361 505 1442 praevaricationis
525 1362 665 1422 inustum
679 1362 738 1440 (5).

283 1457 365 1531 Hinp
388 1473 571 1532 componere
595 1473 628 1515 se
653 1473 741 1532 posse
767 1463 858 1520 ratus
882 1459 1100 1536 Evangelium
1121 1473 1162 1516 cun

223 1571 304 1613 nova
324 1551 568 1622 constitutione,
584 1551 754 1613 veritatem
776 1552 900 1612 scilicet
920 1570 992 1612 cum
1012 1553 1166 1620 mendacio,

222 1645 328 1724 sperni
350 1646 478 1714 minime
499 1649 644 1721 oportere
665 1644 842 1705 affirmabat
867 1653 990 1706 certam
1018 1649 1168 1724 quandam

222 1740 466 1811 moderationis,
483 1747 521 1798 nt
535 1741 585 1798 ita
596 1739 715 1809 dicam,
732 1742 960 1809 oeconomiam,
973 1757 1016 1799 ne
1030 1745 1133 1800 maior
1144 1741 1178 1828 inp

222 1836 343 1894 clarum
353 1833 526 1892 calamitas
536 1833 713 1892 derivetur.
730 1833 1000 1909 Quandoquidem
1012 1829 1178 1894 conventu

222 1926 276 1987 liic
295 1927 480 1986 nationalis
501 1925 544 1984 ad
558 1927 685 1986 auitum
695 1926 835 2002 perduci
849 1926 979 1988 decreta
993 1945 1074 2001 sua,
1091 1941 1167 2005 qnae·

222 2036 356 2097 cumque
370 2019 534 2090 accidant,
550 2020 683 2078 omnino
704 2021 800 2090 uolet,
817 2026 849 2079 et
869 2019 973 2092 nihil,
990 2023 1118 2097 opinor,
1131 2023 1168 2078 in·

221 2120 385 2174 tentatum
405 2114 580 2188 relinquet
583 2109 640 2190 (6);
656 2112 792 2188 adeoque
810 2113 972 2174 asserebat
985 2111 1166 2191 indulgentie

221 2223 349 2282 prorsus
371 2205 535 2277 utendum,
550 2221 620 2264 cum
635 2203 795 2265 deteriora
808 2205 914 2266 timeri
929 2206 1013 2264 mala
1027 2208 1167 2284 exspecta

220 2299 311 2374 rique
332 2300 456 2375 possent
476 2314 496 2356 a
516 2297 753 2358 constitutionis
781 2298 982 2371 auctoribus,
1005 2317 1086 2375 quos
1105 2299 1160 2356 inle-

220 2389 282 2450 rim
302 2390 368 2466 ipse
389 2388 577 2466 compellare
599 2408 658 2448 uon
680 2389 842 2451 dubitavit
857 2391 1025 2468 Evangelii
1042 2387 1177 2468 perduel-

220 2483 278 2544 les.
299 2481 428 2554 Audite,
445 2483 515 2542 VV.
531 2482 596 2541 FF.
602 2481 730 2558 ,ipsius
752 2481 859 2542 audite
880 2483 1011 2542 maximi
1034 2479 1162 2544 momenti

218 2575 487 2638 Declarationem:
507 2574 581 2634 Hac
606 2583 720 2634 nostra
746 2582 951 2652 tempestate,
976 2593 1014 2636 ac
1040 2579 1163 2638 luctuosa

220 2667 384 2730 Ecclesiae
407 2665 602 2730 Gallicanae
621 2669 826 2740 conditione,
843 2667 879 2728 id
899 2668 1040 2744 officium
1059 2667 1163 2746 neplipi

217 2779 306 2838 posse
325 2778 394 2821 non
414 2759 626 2832 crediderim,
651 2763 734 2836 quin
753 2760 936 2838 Evanpclii
953 2763 1128 2838 perduelles
1140 2763 1164 2818 in

216 2854 598 2934 Relipionem'insultent
612 2854 781 2926 audacius,
794 2855 878 2932 puin
892 2858 1102 2916 concutiatur
1111 2855 1165 2932 pic·

237 3017 240 3024 '
283 3010 316 3064 (1)
334 3005 357 3069 §.
367 3005 439 3064 Quid
446 3004 574 3069 primum.

283 3087 318 3138 (t)
335 3083 384 3132 cit.
401 3080 425 3144 §.
437 3079 501 3130 Nan
512 3079 624 3129 antcire.

281 3159 316 3214 (Β)
332 3155 356 3220 §.
369 3155 448 3216 Quod
462 3156 495 3218 ei,
511 3159 538 3204 et
553 3159 578 3216 s.
592 3153 798 3219 Quidprimum.

280 3237 314 3292 <lt
332 3235 455 3284 standum
470 3237 510 3282 est
524 3234 618 3293 igitur,
636 3237 662 3282 ct
677 3235 825 3284 difficillimo
840 3236 901 3284 huic
916 3238 1023 3296 tempmi
1038 3238 1112 3284 ceute
1125 3245 1163 3281 aa·

216 3311 346 3360 siendum.
364 3316 388 3372 fl.
402 3309 474 3368 Quid
488 3317 559 3371 apel.

281 3388 316 3442 (u)
332 3388 409 3434 Actes
425 3385 457 3433 de
473 3383 637 3434 l’Assamblte
657 3386 693 3435 du
709 3385 798 3446 cures
815 3401 860 3436 eur
875 3388 903 3436 la
917 3388 1039 3447 Religion,
1054 3388 1121 3448 part·
1137 3385 1163 3440 Π.

217 3465 243 3524 fi.
255 3457 363 3522 Datus,
379 3461 408 3508 tn
424 3458 517 3508 Proeto
532 3461 627 3511 Verbal
643 3473 686 3512 an.
698 3463 769 3511 1765.
781 3475 839 3524 ρας.
850 3464 906 3512 208.
920 3464 1009 3513 estol.
1054 3499 1057 3504 -

282 3539 317 3596 tt>
333 3534 357 3592 t·
372 3534 492 3596 ueoau.
558 3553 566 3568 ·
