2492 4202
434 243 472 258 -
492 213 552 276 297
574 245 610 260 .-

41 318 234 379 servantiam
257 321 290 378 et
310 317 459 380 studium.
481 319 617 381 Summis
638 320 762 384 interea
788 323 852 384 Nos
878 323 910 380 te
937 321 1006 383 lau·

41 412 128 472 dibus
142 410 342 500 cumulantes
361 412 563 490 profitemur,
579 414 667 474 nullo
682 433 826 493 nmquam
839 417 903 479 Nos
924 414 1004 487 loco,

40 506 192 581 quantum
215 503 340 581 quidem
361 503 456 566 situm
478 506 510 566 in
530 506 630 570 Nobis
650 507 734 581 erit,
755 507 917 569 defuturos
938 525 1004 572 esse

41 595 159 658 vlriuti
180 601 269 670 tuae,
282 596 467 674 nullumque
488 597 572 672 fore,
589 597 641 660 vel
662 599 847 661 Pontificiae
868 601 1007 662 auctori·
1101 595 1104 603 ’

42 690 117 751 tatis
138 689 352 767 praesidium,
369 691 421 752 rel
442 695 593 769 pateruae
615 696 741 756 nostrae
762 693 930 756 charitatis
951 696 1006 756 do-

41 787 241 858 cumentum,
268 783 347 862 quod
369 785 434 844 tuis
456 785 561 846 usibus
590 789 624 846 et
644 786 728 846 votis
748 793 894 864 paratum
921 789 1005 848 omni

42 878 182 954 tempore
205 893 266 936 nou
287 875 439 938 invenias.
455 877 587 938 Interim
608 878 682 953 tibi,
696 881 811 956 tuoque
825 881 914 958 gregi
935 899 1006 959 apo·

41 969 185 1030 stolicam
208 970 454 1030 benedictionem
482 974 685 1047 peramanter
706 971 918 1049 impertimur.

98 1065 217 1123 Datum
239 1065 366 1136 Romae,
383 1064 432 1123 die
454 1065 531 1124 XXI
551 1065 660 1125 Martii
672 1065 877 1137 Moocxcss,
894 1069 1005 1128 Ponti-

43 1154 154 1216 ficaius
174 1156 287 1216 Nostri
307 1174 386 1217 auno
407 1157 523 1218 XVIII.
694 1177 698 1186 ’

463 1327 590 1384 lim.

341 1445 468 1490 omnoro
489 1448 571 1490 muro
591 1447 711 1492 nosrso

89 1587 288 1650 DOMINIGO
302 1589 333 1650 S.
348 1592 388 1650 R.
400 1593 435 1650 Ε.
448 1591 722 1653 PRESBYTERO
736 1591 959 1655 OARDINALI

372 1685 684 1746 RUPEFUOALDIO
807 1711 812 1724 ·

264 1820 511 1910 Arcbiepiscopo
532 1834 786 1911 Rotbomcpcnsi

162 2053 164 2060 ,
233 1985 429 2067 PIUS
473 1988 703 2066 ,ΡΑΡΑ
749 1987 815 2066 VI.

166 2170 301 2228 Dilecta
321 2169 405 2241 Fili,
425 2170 577 2229 Salutem
598 2173 634 2226 et
653 2170 889 2240 Apostolioam

380 2275 676 2335 Benedictionem.
694 2335 697 2340 ,

106 2469 176 2528 Una
191 2481 259 2524 oum
281 2463 416 2524 Litteris
431 2463 496 2523 tuis
510 2463 560 2523 die
574 2464 615 2526 20
628 2463 796 2526 Februarii
810 2466 891 2526 datis
907 2469 1011 2526 trans·

52 2559 173 2624 missam
194 2558 369 2635 accepimus
399 2559 557 2636 capsulam
579 2559 918 2640 reliquiarum-besuae
938 2561 1011 2620 Ma·

52 2653 115 2720 riae
130 2653 169 2714 ab
184 2652 415 2725 Inoarnatione,
432 2671 524 2728 quam
539 2653 604 2713 Nos
617 2652 649 2710 in
664 2653 833 2712 Beatorum
848 2669 1011 2712 numerum

55 2765 152 2826 nuper
173 2747 369 2819 adscribere,
392 2751 424 2806 et
452 2747 590 2807 fidelium
612 2745 810 2806 venerationi
838 2764 1011 2825 proponere

51 2842 87 2900 ob
108 2840 338 2917 praestantium
360 2839 518 2900 virtutum
538 2838 654 2898 merita
676 2837 841 2900 voluimus.
858 2840 1012 2901 Gratissi-

51 2952 133 2994 mum
154 2934 251 2996 Nobis
272 2933 303 2992 id
319 2951 430 2992 munus
450 2931 523 3007 suit,
539 2936 572 2991 et
592 2950 610 2991 a
631 2935 663 2992 te
685 2931 872 3009 proiectum,
888 2932 1010 2994 Dilecta
1099 2987 1102 2997 ,

52 3028 113 3087 Fili
134 3028 262 3099 Noster,
281 3031 313 3086 et
334 3045 352 3086 a
373 3025 503 3087 Dilectis
525 3024 557 3083 iu
577 3024 703 3085 Christo
723 3024 848 3086 filiabus
868 3026 1013 3088 moniali-

52 3121 107 3180 bus
127 3119 289 3180 carmeliti
311 3117 490 3191 Pontaesii,
515 3122 548 3177 et
568 3118 607 3177 ab
627 3117 693 3194 ipso
714 3119 834 3180 Dilecto
855 3120 939 3180 Filio
960 3120 1013 3180 ab·

52 3215 122 3276 bate
144 3215 182 3273 de
207 3215 394 3291 (lhateuoy,
418 3229 507 3290 quem
530 3208 657 3288 egregie
684 3209 824 3272 functum
846 3215 925 3291 apud
946 3214 1012 3274 Nos

53 3307 147 3368 fuisse
169 3305 258 3367 illius
279 3323 388 3368 causae
410 3305 616 3384 postulatoris
645 3321 774 3366 munere
795 3309 1008 3367 recordamur.

54 3399 239 3460 Habebimus
260 3400 339 3460 illud
362 3418 455 3477 penes
475 3403 540 3464 Nos
562 3402 721 3479 tamquam
744 3400 940 3479 praeclarum
959 3417 1014 3459 re·

54 3497 137 3554 strae
158 3493 288 3570 pietatis
302 3497 548 3566 monumentum,
570 3512 631 3571 quo
652 3496 817 3572 praesente
838 3492 1014 3554 ferventius
