2498 4200
446 183 625 244 -2212-

43 293 243 353 indecentiae
263 310 301 352 so
322 291 493 368 sacrilegii.
510 293 575 351 Has
589 293 694 351 autem
710 291 877 352 facultates
899 295 936 353 ad
959 293 1015 354 an-

45 403 121 446 num
143 388 268 446 tautum
285 385 445 446 Sanctitas
457 386 521 444 Sua
541 386 702 458 concessit,
718 386 745 445 si
766 386 886 447 ta‘mdiu
904 389 1015 448 horum

45 483 225 557 temporum
248 479 412 540 calamItas
427 478 458 537 in
475 478 580 538 Gallia
599 478 832 555 perduraveris
846 476 1015 558 iisdemque

44 573 175 632 minime
198 572 393 650 utiuoluit,
416 571 477 631 uisi
498 572 584 633 iutra
611 572 689 632 fines
716 573 901 635 dioecesium
927 577 1014 636 intra

45 666 200 726 ambitum
222 666 315 742 regni
337 664 459 724 Galliae
480 665 712 726 exsistentium.
1065 652 1071 673 '

102 760 221 819 Datum
244 761 362 818 Romae
383 776 423 816 ex
443 759 570 818 aedibus
592 758 694 818 dictae
715 776 822 820 sacrae
836 761 1014 840 cougrega-

44 851 142 912 tionis
163 852 216 911 dle
237 852 345 911 XVIII
365 851 501 928 Augusti
523 853 713 914 MDCOXGI.
759 939 762 944 ἱ

256 944 296 1002 L.
317 941 507 1005 Gordiunlis
521 944 716 1005 Autouellus
730 946 931 1022 Praefectus.

455 1169 598 1228 mx.

338 1296 540 1340 rannemirus
560 1297 732 1342 concussas

85 1447 423 1510 ARCHIEPISCOPIS
443 1447 718 1521 LUGDUNENSI,
739 1448 973 1512 PARISIENSI

381 1541 433 1602 ΕΤ
456 1541 682 1602 VIENNENSI

69 1712 179 1791 Atque
193 1713 437 1788 antiquioribus
450 1711 619 1788 Episcopis
631 1714 785 1789 cuiusque
797 1709 992 1775 Provinciae

365 1809 475 1886 Requi
498 1810 694 1870 Galliarum.

106 1984 197 2042 Inter
218 1979 370 2049 funestas,
393 1977 644 2054 multiplicesque
664 1978 908 2052 vicissitudInes,
931 1997 1010 2056 quae

54 2071 222 2134 Gallicanis
241 2069 390 2130 Ecclesiis
404 2069 582 2148 nuperrime
603 2071 798 2144 acciderunt,
815 2071 921 2149 magui
936 2089 1012 2149 pro-

54 2165 126 2226 iecto
141 2162 304 2226 faciendae
327 2166 400 2223 nunt
420 2162 631 2236 difficultates,
647 2181 780 2241 quarum
804 2164 885 2225 aliae
899 2169 1010 2227 enatae

51 2258 108 2320 iam
129 2258 224 2331 suut,
248 2255 330 2317 alise
352 2256 454 2316 enasci
477 2260 650 2333 poterunt,
677 2257 716 2316 ob
737 2257 914 2335 legitimum
937 2277 1011 2319 nou·

52 2353 210 2412 nullarum
225 2349 292 2409 sive
307 2351 635 2428 Metropolitanum,
651 2351 718 2410 sive
733 2352 1009 2430 Suffragaueerum

50 2444 259 2505 Ecclesiarum
280 2443 432 2520 regImen,
448 2448 481 2504 et
501 2446 539 2504 ob
561 2435 720 2504 molestias
734 2463 770 2504 ae
791 2444 927 2506 iniurias
939 2464 1011 2524 pro-

50 2537 97 2597 bis
116 2536 349 2598 Ecclesiasticis
370 2536 448 2596 viris
462 2537 543 2597 forte
564 2537 751 2596 inferendas.
767 2539 934 2598 Laudabili
948 2539 1010 2616 igi-

50 2635 104 2692 tur
122 2630 255 2692 consilio
276 2629 433 2690 Gallicani
459 2631 623 2692 autistItes
643 2647 695 2690 ess
717 2647 823 2688 omues
844 2630 1011 2692 difficulta-

51 2729 98 2786 tes
118 2723 327 2802 singillatim,
349 2726 383 2782 et
403 2727 550 2784 accurate
571 2725 609 2786 ad
630 2722 751 2783 romani
771 2722 935 2783 Pontificis
957 2737 1011 2784 no-

51 2818 154 2878 titiam
175 2816 378 2890 detulerunt,
395 2820 431 2876 ut
450 2817 526 2876 Itius
547 2816 672 2889 iudIcio,
688 2820 722 2876 et
742 2816 932 2876 auctoritate
956 2819 1010 2878 de-

51 2915 197 2979 finiretur
210 2932 246 2975 ao
268 2918 465 2974 statueretur
479 2913 627 2974 canoniea
640 2915 750 2992 agendi
767 2916 867 2989 ratio,
883 2917 1009 2992 quaein
1124 2996 1127 3003 Ι

51 3008 113 3070 illis
124 3009 348 3080 Ecclesiarum,
357 3005 705 3083 Ecclesiasticorumque
717 3008 1009 3085 perturbationibus

51 3103 113 3164 nive
135 3100 448 3181 praesentibusque
469 3099 587 3160 futuris
608 3102 729 3160 servari
751 3103 874 3164 debeat.

106 3196 317 3272 Difficultates
332 3197 436 3253 autem
458 3195 497 3254 ab
510 3193 661 3271 episcopis
674 3196 834 3272 expositae
850 3197 1010 3257 huiusmo·

53 3289 81 3348 di
101 3293 187 3350 suut.
210 3291 259 3350 Ex
279 3291 459 3350 Conventus
472 3289 652 3350 Nationalis
666 3291 803 3365 decreto,
821 3291 1008 3362 dioecesium

53 3383 172 3460 antiqui
203 3382 322 3443 limites
349 3382 397 3441 ita
428 3385 502 3443 sunt
531 3381 714 3457 immutati,
742 3387 777 3443 ut
810 3402 1010 3463 unaquaeque

51 3477 115 3538 iere
129 3477 282 3539 dioecesis
296 3476 402 3554 aliqua
415 3495 471 3539 sua
483 3481 576 3556 parte
589 3477 688 3539 fuerit
701 3479 890 3557 exspoliata,
906 3484 941 3544 et
954 3497 1009 3540 uo·
