2492 4202
13 341 80 400 per
107 323 363 383 simulationem
383 321 513 399 populos
534 321 566 380 in
589 339 729 382 errorem
751 322 912 398 inducant,
928 325 1001 386 dum

15 434 139 477 omnes
168 407 260 477 actus
285 433 356 478 suos
381 417 511 492 quodam
537 415 626 493 quasi
651 417 808 476 velamine
832 417 1001 482 charitatis

16 511 239 587 praetexunt;
255 511 327 569 dum
344 513 475 570 tuentur
493 510 675 570 aclaudari
696 510 933 572 constitutionis
951 530 1001 573 re·

18 601 252 674 formationes
270 601 399 680 perinde
420 613 456 662 ac
478 602 505 661 si
525 602 718 679 antiquiori,
741 621 777 664 ac
799 604 922 681 puriori
943 609 1003 668 Eo-

18 696 149 776 eicsiae
165 697 276 754 essent
296 697 566 771 accommodatae3
593 697 665 755 dum
687 698 805 758 habere
828 714 860 760 se
881 700 1003 762 iactant

20 790 187 850 sinceram
212 805 282 848 cum
303 788 458 863 Ecclesia,
474 793 509 849 et
528 807 597 847 cum
619 790 676 848 hac
698 794 807 852 sancta
827 794 1001 869 apostolica

22 885 103 944 Sede
117 881 385 942 communionem.
396 883 464 942 Huc
475 883 865 958 spectantNunciotoriac
878 889 1000 948 tantum

22 975 204 1053 epistolae,
219 992 295 1050 quas
310 975 488 1051 exemplum
505 975 648 1051 priorum
663 975 858 1037 intrusorem
873 995 1002 1055 sequeu-

23 1077 83 1144 tes‚
107 1069 173 1130 alii
190 1068 291 1128 etiam
303 1069 495 1145 posteriores
509 1070 546 1129 ad
562 1071 626 1130 Nos
641 1069 807 1144 miserunt3
820 1072 880 1131 huc
894 1074 1002 1134 color·

24 1168 179 1224 tationes
204 1164 241 1221 de
263 1162 407 1238 precibus
429 1180 484 1239 pro
504 1163 622 1223 Nostra
636 1163 749 1238 salute,
765 1168 858 1241 atque
879 1165 1002 1228 incolu-

24 1259 144 1318 mitate
168 1255 350 1316 fundendis

84 1355 137 1412 At
158 1349 342 1410 huiusmodi
362 1348 636 1422 contestationum,
653 1349 883 1428 officiorumque
905 1371 1002 1430 genus

26 1443 225 1522 agnoscitur
247 1445 482 1521 depromptum,
505 1443 607 1503 veluti
635 1461 674 1503 ex
695 1445 887 1522 archetypo,
910 1465 929 1508 a
950 1465 1002 1508 ne·

29 1539 122 1600 fariis
147 1537 444 1610 schismaticorum,
467 1541 500 1596 et
520 1538 750 1598 haereticorum
773 1540 897 1601 scholis.
920 1543 1001 1605 Nam

30 1631 182 1708 legimus*
197 1618 353 1700 Plotiur'u
375 1630 536 1707 scripsisse
558 1632 590 1690 S.
614 1631 761 1691 Pontifici
780 1632 911 1694 Nieolao
932 1635 999 1716 (1),

30 1726 220 1786 annerum
240 1726 338 1786 Leoni
358 1729 388 1787 X
410 1725 467 1805 (2),
488 1727 623 1788 Petrum
643 1727 787 1786 Paulum
814 1728 1001 1806 Verperium

30 1820 195 1881 iuniorem
209 1818 290 1879 Iulio
305 1821 348 1879 111
364 1819 420 1899 (3),
437 1820 488 1896 qui
505 1837 611 1878 omnes
626 1821 697 1879 dum
720 1820 908 1897 effingebant
929 1823 1002 1883 obe-

30 1914 191 1974 dientiam
203 1918 236 1972 et
251 1913 393 1973 unionem
407 1931 476 1972 cum
488 1913 660 1990 apostolica
672 1913 762 1986 Sede,
776 1916 1003 1991 querebantur-

32 2026 87 2084 que
113 2009 155 2067 de
171 2005 356 2066 insimulata
376 2007 535 2082 pravitate
549 2024 656 2067 eorum
679 2007 852 2080 doctrinae,
873 2008 1002 2069 coniun-

33 2104 107 2162 ctim
125 2100 232 2160 eidem
247 2099 278 2158 S.
296 2099 368 2158 Sodi
383 2100 592 2173 insultabant,
607 2117 781 2178 pravosque
794 2119 918 2162 errores
932 2105 1002 2166 edo·

37 2195 164 2255 cebant.

90 2291 148 2348 110
163 2287 200 2344 01
213 2284 355 2346 hodierni
367 2285 521 2363 Episcopi
532 2288 656 2346 intrusi
669 2303 745 2364 opus
757 2293 902 2349 recenter
914 2290 1003 2350 evul-

34 2384 170 2461 garunt,
187 2379 218 2438 in
239 2381 319 2456 quod
342 2398 447 2440 omnes
465 2379 665 2440 coniecerunt
679 2399 837 2455 erroneos,
855 2386 1002 2446 schisma-

35 2478 137 2549 ticos,
154 2478 190 2534 et
210 2474 402 2548 haereticos,
424 2474 546 2552 saepius
567 2473 722 2535 refutatos
746 2480 841 2553 atquc
869 2478 1003 2539 reiectos

35 2588 161 2641 sensus,
179 2568 291 2645 quibus
305 2569 474 2629 nonnullae
490 2586 528 2627 ex
543 2567 608 2627 suis
623 2568 830 2644 pastoralibus
845 2570 1001 2648 epistolis,

34 2665 156 2742 aliique
171 2661 275 2722 libelli
289 2680 348 2722 non
370 2662 436 2721 sine
452 2661 641 2740 gravissima
653 2662 891 2724 Ecclesiasticae
906 2665 1004 2730 histo-

34 2759 103 2818 riae
128 2753 369 2832 perturbatione
389 2755 615 2825 redundabant,
631 2755 682 2814 cui
703 2755 827 2832 quidem
848 2758 936 2833 operi
957 2758 1004 2817 in-

36 2851 191 2912 uidiosum
213 2847 429 2925 praefixerunt
450 2847 581 2909 titulum
607 2847 670 2927 (i):
692 2849 818 2910 Accord
839 2851 893 2910 des
912 2854 1003 2911 eruis

101 3067 140 3122 (1)
155 3063 286 3124 Epistulae
301 3065 423 3122 leguntur
438 3063 506 3125 apud
526 3065 663 3114 Beroninm
680 3065 712 3114 ad
728 3078 788 3113 ann.
805 3066 861 3114 859.
879 3077 907 3113 u.
927 3067 966 3114 61.
977 3067 1004 3113 01

38 3141 71 3193 sd
88 3154 154 3190 ann.
164 3141 220 3189 861.
231 3153 258 3188 n.
269 3140 301 3188 61
339 3145 341 3156 ·

103 3219 141 3273 11)
160 3217 270 3276 Operum
285 3216 392 3264 Lutheri
406 3217 467 3264 tom.
478 3218 500 3263 1.
511 3229 569 3277 pag.
583 3218 622 3277 65,
634 3216 695 3266 edit.
706 3219 783 3266 ienae
794 3218 864 3266 1611.
875 3229 933 3277 pag.
946 3216 1001 3266 186.

39 3295 65 3340 οι
80 3305 142 3422 plgi
154 3291 280 3425 1lispbnsoui.
296 3363 386 3414 Italica
401 3363 583 3424 imprecantes
598 3364 654 3412 loco
670 3365 796 3424 editionis,
814 3367 840 3413 et
852 3365 908 3414 uine
925 3377 1001 3414 anno.

104 3443 141 3499 (4)
158 3461 171 3484 u
184 3440 326 3490 concordia
338 3453 456 3490 verorum
470 3439 653 3498 principiorum
668 3442 815 3499 Ecclesiae,
834 3441 955 3499 moralis,
977 3443 1003 3490 ct

43 3519 175 3570 unctionis
191 3530 268 3578 snper
282 3516 465 3568 cousutntione
477 3516 553 3567 clviii
563 3514 630 3566 cleri
640 3517 774 3577 Gallicani,
786 3517 933 3567 auctoribus
943 3516 1002 3578 lipi-

140 3623 200 3675 Vol.
217 3623 244 3674 I.
879 3628 910 3675 18
