2456 4192
227 317 311 378 nime
325 315 480 389 latebant,
496 331 593 392 eaque
612 314 749 375 animum
763 315 916 376 Nostrum
931 312 1159 389 aegritudine
1179 311 1223 372 af·

226 411 358 483 ficiunt,
375 411 412 468 ut
431 408 464 467 in
487 408 585 468 tantis
607 407 734 468 huiusce
762 406 914 484 temporis
935 405 1222 480 calamitatibus,

226 503 340 583 quibus
362 500 496 577 undique
517 500 703 578 premimur,
718 517 754 560 ac
775 497 843 558 fere
865 498 1040 574 obruimur,
1058 499 1224 559 acerbio-

229 615 296 658 rem
312 613 347 656 ac
362 592 640 672 penetrabiliorem
652 593 772 654 nullam
786 593 989 671 experiamur
1003 593 1110 654 moles
1117 593 1221 654 tiam.

228 693 275 752 At
289 687 416 760 conscii,
432 687 513 748 nulli
531 686 663 748 interim
676 686 747 746 dari
761 686 864 746 locum
878 685 1023 760 consilio,
1039 687 1136 762 quod
1155 704 1223 745 -non

230 785 379 844 videatur
393 780 527 858 periculi
542 777 687 858 plenum,
702 798 721 840 a
734 781 832 841 Patre
846 780 1001 840 luminum
1016 798 1116 857 opem
1137 780 1225 841 iam·

231 879 284 938 diu
306 875 536 953 efflagitamus,
562 874 695 952 publicis
715 875 812 936 etiam
833 874 963 936 indictis
987 873 1169 952 precibus,
1190 877 1225 936 ut

231 974 380 1034 Nostram
403 969 624 1030 infirmitatem
643 971 682 1030 ad
704 968 862 1030 Ecclesiae
878 970 990 1029 bonum
1012 970 1043 1029 iu
1059 970 1132 1030 hoe
1159 972 1223 1031 dis·

228 1064 363 1126 crimine
385 1066 419 1123 et
439 1066 614 1137 sustentet,
636 1066 670 1123 et
690 1062 826 1139 dirigat,
841 1061 983 1140 velitque
995 1062 1147 1124 Divinae
1174 1083 1222 1125 re·

232 1157 359 1219 cordari
380 1156 627 1217 misericordiae.
642 1157 750 1233 Neque
772 1155 926 1216 defuimus
946 1155 1091 1216 excitare
1117 1159 1222 1220 chri·

233 1249 421 1313 stianissimi
442 1249 539 1328 Regis
560 1250 712 1327 pietatem
733 1267 769 1310 ac
790 1249 895 1324 fidem,
911 1267 950 1308 ne
972 1247 1094 1310 tacitus
1120 1250 1218 1329 ipse,

233 1347 395 1422 multoque
416 1343 520 1404 minus
542 1344 740 1404 consensione
755 1361 812 1404 sua
825 1343 1015 1404 scandalisa
1034 1343 1220 1406 Nationali

231 1442 397 1503 (ionventu
412 1437 604 1516 perpetratis
621 1437 781 1498 ullatenus
796 1438 936 1511 accedat,
951 1455 1029 1514 quae
1050 1438 1221 1500 schisma-

234 1535 261 1595 ti
282 1536 316 1594 et
337 1532 440 1592 errori
462 1531 546 1592 viam
564 1534 713 1592 sternunt
727 1530 963 1608 amplissimam.
980 1531 1085 1608 Opera
1106 1534 1219 1596 etiam

230 1629 274 1688 ad
295 1627 327 1687 id
347 1624 488 1686 excitata
502 1628 552 1685 est
571 1626 742 1700 Fratrum,
758 1625 869 1702 quibus
890 1625 1009 1702 Regem
1032 1624 1137 1686 facile
1164 1631 1221 1690 ad-

234 1722 295 1796 ire,
308 1739 344 1782 ac
355 1737 459 1780 coram
473 1719 592 1797 alloqui
602 1721 711 1781 datum
722 1723 783 1795 est;
796 1737 847 1779 eos
860 1735 969 1796 nempe
979 1718 1120 1780 Litteris
1135 1722 1219 1782 scri·

236 1816 299 1895 ptis
321 1813 502 1874 vehementi
522 1814 704 1874 hortatione
719 1813 752 1873 in
773 1813 914 1889 Domino,
932 1830 1048 1891 proque
1070 1831 1218 1875 munere

233 1910 351 1970 Nostro
365 1905 560 1985 rogavimus,
573 1909 610 1966 ut
623 1904 780 1982 praesidio
795 1905 861 1966 sint
874 1905 1043 1979 Ecclesiae,
1057 1905 1219 1984 Religio-

237 2001 287 2074 ni,
303 1999 612 2077 Patriae‚·Regique
633 1999 711 2077 ipsi,
732 1999 782 2060 cui
803 1999 1065 2062 christianissimi
1088 1999 1218 2062 titulus

237 2112 329 2154 carus
342 2097 392 2154 est
405 2097 440 2154 et
450 2092 593 2169 insignis.
607 2095 689 2153 Deus
704 2092 922 2154 misericordia
937 2113 992 2154 sua
1007 2093 1116 2156 studia
1135 2095 1217 2156 haec

236 2188 355 2248 Nostra
375 2184 532 2264 propitius
553 2185 672 2258 foveat,
687 2189 781 2263 atque
803 2185 851 2247 ita
869 2188 1026 2247 Bonorum
1042 2191 1122 2248 vota
1147 2208 1218 2251 sus·

237 2279 363 2357 scipiat‚
380 2282 415 2339 ut
429 2278 597 2356 impiorum
618 2279 780 2339 hominum
794 2280 926 2342 consilia
938 2281 1054 2343 Divina
1068 2300 1130 2344 sua
1148 2285 1217 2344 vir-

238 2376 309 2434 tute
330 2370 500 2432 confundat
513 2389 549 2431 ac
570 2372 694 2450 perdat.
710 2373 859 2434 Animum
874 2373 1004 2435 iuterim
1021 2375 1057 2434 in
1076 2375 1125 2435 Te
1150 2379 1218 2440 No-

235 2469 341 2526 strum
363 2464 471 2542 rapuit
491 2467 560 2525 tum
581 2465 742 2527 doctrinae
759 2466 948 2546 integritas,
965 2471 1034 2529 tum
1061 2474 1217 2532 sacerdo-

238 2558 315 2620 talis
328 2558 495 2630 fortitudo,
511 2576 573 2635 qua
585 2558 799 2619 ministerium
815 2563 904 2621 tuum
919 2564 1031 2623 contra
1046 2562 1216 2626 novitates

234 2671 257 2712 a
276 2653 441 2714 conventu
462 2651 625 2714 Nationali
645 2651 754 2726 initas,
770 2653 915 2731 omnique
934 2655 1079 2732 legitima
1100 2661 1217 2718 aucto·

239 2747 336 2810 ritate
353 2744 535 2819 destitutas,
552 2744 712 2806 custodire
726 2745 820 2823 atque
835 2763 984 2808 exercere
998 2749 1128 2810 statuis:
1148 2771 1217 2812 me-

240 2844 306 2906 rito
327 2842 411 2903 euim
432 2841 622 2916 consideras,
639 2842 720 2903 nulli
740 2861 808 2904 esse
829 2845 955 2918 datum,
971 2847 1052 2906 Sede
1071 2847 1217 2925 Aposto-

181 2981 184 2988 ,
241 2937 303 2998 lica
325 2954 385 2996 non
406 2934 620 3012 approbante,
642 2935 825 3013 Episcopale
853 2936 1065 2998 ministerium
1094 2941 1151 3000 vel
1173 2943 1215 3002 ad

237 3030 320 3089 alios
341 3027 418 3087 fines
440 3025 617 3098 traducere,
633 3027 686 3086 vel
707 3029 746 3088 ad
767 3029 965 3106 angustiores
983 3029 1103 3091 limites
1126 3033 1215 3092 redi-

242 3139 329 3200 gere.
345 3121 413 3186 Qna
426 3137 501 3180 vero
517 3119 642 3179 ratione
656 3121 700 3178 Te
714 3138 820 3197 geras,
837 3121 889 3180 ubi
904 3124 1039 3182 externa
1052 3122 1102 3182 vis
1119 3124 1214 3185 nulla

238 3215 282 3274 ab
295 3212 415 3274 Ovibus
429 3213 494 3272 tuis
510 3215 554 3272 Te
568 3216 739 3276 contendat
752 3216 903 3290 avellere,
919 3216 950 3276 id
965 3217 1119 3279 charitati
1137 3221 1213 3280 tuae

243 3325 325 3368 nunc
346 3307 513 3385 praefinire
535 3307 660 3369 omnino
683 3307 806 3368 difficile
828 3309 1023 3371 arbitramur
1037 3311 1214 3373 :'animad-

242 3405 352 3463 vertas
373 3401 455 3461 enim
476 3405 623 3479 oportet,
646 3403 720 3462 boni
742 3403 882 3463 Pastoris
911 3403 1010 3464 officia
1037 3407 1164 3466 modum
1191 3425 1214 3466 a

240 3499 397 3574 tempore,
415 3513 582 3573 rerumque
603 3494 851 3557 circumstantiis
872 3513 962 3574 saepe
984 3500 1142 3574 repetere;
1160 3516 1214 3557 ne-
