2492 4202
438 219 616 278 -349-

52 326 114 383 dem
136 324 276 386 subsidia
296 322 548 401 suppeditarunt,
564 324 758 384 aemulantes
773 322 905 402 gloriam
921 324 1008 384 anti·

51 440 175 500 quorum
198 425 427 491 Romanorum,
452 420 531 496 apud
553 436 628 495 ques
648 417 817 478 videbatur
837 420 932 478 valde
952 419 1008 482 de-

51 533 172 588 corum,
185 501 300 592 potire
320 513 428 572 domos
448 513 615 572 bominum
637 513 816 574 illustrium
830 515 1008 593 hospitibus

50 611 229 669 illustribus
236 629 249 679 ;
263 608 361 684 idque
373 610 480 673 ctiam
500 611 697 686 reipublicae
717 629 780 673 esse
801 623 1003 686 ornamento,

51 702 192 762 bominac
220 691 371 762 aeternos
395 703 453 762 boc
481 704 692 765 liberalitatis
722 723 837 782 panaro
865 711 902 768 ia
929 711 1009 769 arbe

49 805 163 856 nostra
183 814 252 855 aon
272 811 363 872 opere
378 794 434 871 (l).

103 892 154 951 Ad
174 890 239 951 Nos
260 890 338 966 quod
360 889 513 966 pertinet,
529 891 582 967 qui
596 892 673 951 licet
687 891 848 953 immerito
862 894 1004 954 Pastoris

50 982 238 1044 universalis
265 987 299 1043 et
324 983 430 1043 Patris
458 984 595 1044 omnium
623 985 762 1046 fidelium
783 1005 895 1046 munus
917 988 1008 1065 geri-

50 1097 132 1152 mus,
163 1076 294 1149 maiori,
321 1093 413 1153 quam
441 1081 583 1150 ceteros,
616 1097 709 1138 onere
745 1079 910 1139 obstrictos
938 1099 1004 1140 esse

50 1171 238 1248 putavimus,
253 1172 427 1248 promptam
449 1170 567 1231 ferendi
582 1189 669 1248 opem
688 1172 848 1232 exsulibus
862 1173 946 1233 hisce
959 1174 1010 1232 in·

49 1265 209 1337 felicibus,
228 1263 279 1339 qui
302 1263 332 1321 in
354 1265 505 1324 Nostrum
528 1263 628 1324 sinum
651 1282 683 1324 sa
703 1264 913 1325 coniecerunt.
931 1268 1008 1325 Pcr-

49 1377 170 1420 suarum
192 1358 276 1418 enim
296 1357 392 1418 Nobis
413 1357 491 1417 salis
513 1375 665 1434 superque
691 1361 757 1431 est,
782 1377 930 1437 nusquam
956 1360 1007 1420 iu·

50 1452 141 1524 atius,
159 1467 308 1526 nusquam
331 1467 418 1527 possa
432 1449 596 1512 liberalius
609 1451 735 1528 erogari
750 1451 896 1524 subsidia,
914 1470 1005 1529 quam

50 1549 78 1606 in
106 1565 179 1619 eos,
203 1544 256 1622 qui
285 1547 415 1620 propter
443 1560 565 1604 causam
595 1544 714 1605 christi
743 1562 848 1604 rerum
878 1564 1005 1606 suarum

51 1638 207 1717 dispendia
229 1636 448 1714 pertulerunt,
471 1636 585 1714 quique
605 1639 642 1696 de
664 1637 788 1698 sedibus
810 1638 872 1698 suis
892 1643 1007 1700 contu-

50 1735 173 1793 meliose
194 1733 228 1790 et
247 1730 405 1790 violenter
425 1730 517 1790 eiecti
539 1736 711 1808 peragrant
732 1731 891 1810 regiones,
911 1737 1006 1810 atque

50 1830 129 1888 inter
149 1827 276 1902 ignotos
297 1823 396 1882 vitam
422 1824 509 1899 quasi
532 1825 706 1886 solitariam
735 1827 847 1903 degere
870 1828 1009 1904 compel-

50 1922 166 1981 lunt-ur.
183 1918 263 1978 Hinc
283 1935 303 1975 a
322 1915 423 1992 primo
446 1919 511 1975 tam
533 1916 620 1977 dirae
641 1917 769 1976 huiusce
789 1917 1005 1980 insectationis

50 2014 136 2075 initio
167 2009 369 2089 patefecimus
395 2008 517 2082 Gallis,
552 2008 618 2068 sive
649 2009 900 2083 Ecclesiasticis,
937 2013 1003 2072 sive

49 2106 150 2180 laicis,
166 2105 289 2164 viscera
309 2101 457 2178 pietatis,
472 2103 614 2180 ipsosque
635 2121 705 2163 cum
727 2103 809 2162 omni
832 2104 1004 2165 beneficen-

51 2202 92 2260 tia
112 2203 146 2259 et
166 2197 272 2276 gratia
291 2195 445 2273 complexi
467 2214 583 2256 sumus.

106 2290 282 2368 sperabant
301 2289 439 2365 profecto
454 2288 487 2348 hi
508 2289 631 2350 exsules
651 2290 839 2365 aerumnosi,
859 2292 1005 2352 saritam

51 2387 207 2458 docturos,
223 2384 270 2443 siu
285 2383 387 2443 minus
401 2385 603 2456 commodam,
619 2388 654 2443 at
667 2384 752 2444 curis
766 2386 857 2461 plane
876 2406 1006 2448 vacuam

51 2484 140 2558 atque
161 2476 366 2554 tranquillam
388 2477 418 2535 in
441 2477 506 2548 his,
530 2477 566 2534 ad
590 2495 668 2552 quae
688 2478 893 2554 appulerant,
916 2481 1005 2542 locis:

52 2577 98 2635 sed
121 2573 274 2651 inopinati
297 2571 482 2649 gallicarum
504 2570 664 2647 copiarum
687 2588 869 2648 progressus
890 2574 922 2632 in
945 2577 1009 2634 Sa·

51 2668 189 2729 baudiam
213 2667 419 2743 praesertim,
442 2665 528 2724 etin
554 2664 737 2736 civitatem,
760 2666 1006 2745 comitatumque

50 2761 239 2834 Niciensem,
254 2760 377 2819 eosdem
399 2759 435 2819 ad
455 2777 571 2819 novam
593 2757 752 2834 magisque
773 2758 1005 2821 lamentabilem

51 2855 153 2931 lugam
175 2852 389 2929 capessendam
412 2853 641 2929 compulerunt.
658 2853 721 2912 Nos
740 2851 883 2929 equidem
896 2853 1006 2912 iisdem

51 2947 214 3008 charitatis
235 2946 374 3006 sensibus
396 2950 429 3005 et
453 2945 485 3004 in
508 2948 615 3006 eadem
637 2946 801 3006 voluntate
823 2946 934 3018 delixi,
957 2947 1008 3005 in·

52 3047 99 3103 ter
119 3041 202 3118 ipsas
223 3058 329 3100 rerum
349 3039 511 3116 angustias
531 3041 564 3100 in
587 3041 697 3117 quibus
719 3058 901 3112 versamur,
922 3058 1007 3100 man·

52 3135 190 3196 davimus
210 3137 303 3211 atqua
324 3133 547 3210 praecepimus,
569 3137 604 3194 ut
624 3133 697 3193 novi
718 3133 894 3208 huiusmodi
916 3151 1008 3194 exsu-

51 3230 94 3290 les
114 3229 334 3306 exoiperentur
355 3231 449 3305 atque
470 3227 650 3301 alerentur,
674 3247 734 3288 non
756 3214 790 3288 ini
809 3231 927 3290 Nostra
949 3230 1007 3289 hac

52 3323 131 3384 Urba
151 3323 335 3396 dumtaxat,
358 3323 411 3380 sed
433 3319 465 3379 in
487 3320 660 3397 provinciis
681 3322 776 3384 etiam
797 3325 933 3386 Nostrae
953 3322 1011 3383 Di·

113 3501 637 3581 mmammmmwm'
