2456 4192
86 333 139 394 Ubi
160 339 209 396 est
229 335 332 414 igitur
356 333 414 397 illa
434 334 616 414 cogitandi,
640 315 813 412 agendique
841 330 989 393 libertast

36 442 111 500 qnann
130 427 310 488 Conventus
324 429 460 489 Decreta
481 428 629 489 tribuunt
648 424 767 487 bomini
782 425 814 486 iu
837 426 988 486 societate

36 521 215 594 constituto,
238 526 398 600 tamquam
420 522 519 600 ipsius
543 524 676 584 naturae
699 515 748 581 ius
771 519 990 580 immutabilei

35 613 187 689 Oportebit
207 613 363 692 igiturex
378 633 485 676 eorum
509 618 713 677 Decretorum
741 612 900 674 sententis
921 609 985 672 iurl

37 707 236 768 contradicere
258 709 432 783 creatoris,
448 726 504 786 per
524 725 618 785 quem
632 705 832 780 exsistimus,
849 709 884 765 et
901 703 990 765 cuius

39 799 222 876 liberalitati,
237 802 384 880 quidquid
400 819 517 876 sumus,
533 806 628 879 atque
647 801 809 874 habemus,
824 801 989 878 occeptum

41 893 136 954 referre
162 895 320 956 debemus.
337 897 519 972 Praeterea,
542 895 611 974 quis
633 893 697 955 iam
718 893 845 974 ignoret
865 895 989 954 creatos

40 1003 87 1047 esse
106 989 260 1063 homines,
276 992 313 1050 ut
334 1007 395 1049 non
417 990 516 1050 solum
543 987 662 1068 singuli
683 985 761 1062 sibi,
786 989 839 1049 ssd
861 990 896 1048 et
917 985 989 1047 ullis

39 1080 151 1155 vivant,
174 1099 211 1143 ac
239 1083 363 1160 prosint
383 1083 587 1144 hominibusi
608 1085 642 1144 ln
663 1084 722 1145 bac
748 1082 831 1144 enim
857 1083 990 1143 naturae

37 1171 209 1236 infirmitate
226 1179 336 1237 mutuo
351 1177 495 1255 indigent
507 1177 544 1238 ad
561 1176 610 1236 sui
623 1173 895 1237 conservationem
917 1174 991 1234 sub·

38 1267 120 1343 sidio;
145 1274 241 1348 atque
263 1270 381 1331 idcirco
401 1288 421 1331 a
441 1273 504 1332 Deo
525 1274 558 1331 et
580 1271 759 1343 rationem,
785 1272 818 1330 et
841 1265 990 1346 loquendi

38 1361 204 1425 facultatem
228 1367 413 1440 tenuerunt,
430 1366 467 1426 ut
486 1365 520 1424 et
540 1381 629 1442 opem
651 1366 781 1443 petere,
800 1365 833 1423 et
854 1360 990 1441 petenti·

38 1456 85 1516 bns
102 1461 263 1536 praestare
285 1459 417 1534 scirent,
432 1477 468 1520 ac
489 1461 629 1536 possent;
645 1458 775 1536 proinde
795 1458 918 1536 abipsa
938 1475 992 1518 na·

44 1551 115 1611 tnrse
133 1553 316 1614 inductione
337 1539 369 1615 iu
385 1554 567 1617 societatem
582 1551 889 1628 communionemque
910 1549 992 1610 coie-

49 1648 115 1703 runt.
127 1648 204 1721 lam,
220 1665 290 1706 cum
310 1648 444 1710 hominis
464 1649 510 1710 sit
529 1649 577 1709 itu
591 1666 646 1708 sua
666 1645 789 1708 ratione
812 1644 871 1716 uti,
888 1661 927 1702 ne
941 1659 992 1702 su·

46 1751 161 1810 prennnm
177 1743 342 1804 auctorem
364 1759 453 1801 suum
468 1760 529 1802 non
545 1745 669 1802 tantum
682 1753 863 1818 agnoscere,
880 1752 990 1796 verum

43 1832 69 1888 et
86 1831 192 1905 colere,
210 1832 376 1908 admirari,
392 1835 430 1895 ad
452 1852 582 1913 eumque
597 1833 702 1895 omnia
723 1829 843 1891 referre
865 1829 989 1901 debeat;

41 1940 153 2001 cumque
187 1926 292 2004 ipsum
325 1927 435 1986 subiici
456 1927 520 1988 iam
540 1928 579 1989 ab
609 1926 703 1987 initio
735 1923 905 1984 maioribus
927 1920 991 1981 suis

43 2033 147 2077 necesse
166 2017 281 2093 fuerit,
298 2021 334 2079 ut
355 2020 393 2079 ab
414 2019 491 2097 ipsis
511 2023 654 2099 regatur,
669 2022 763 2095 atque
784 2015 989 2088 instruatur,

46 2111 184 2189 ritumque
200 2131 288 2172 snam
303 2114 342 2173 ad
358 2113 503 2188 rationis,
519 2112 738 2185 humanitatis,
751 2107 990 2188 Religionisque
1080 2135 1082 2140 ·

43 2220 164 2264 normam
180 2205 350 2266 instituere
372 2205 492 2278 valeat,
507 2207 592 2266 certe
607 2205 646 2266 sb
657 2189 902 2280 'uniuscuiusque
916 2204 990 2262 ortu

40 2294 150 2355 inritam
172 2300 419 2374 consistetque
441 2297 563 2357 inanem
580 2315 647 2357 esse
667 2297 817 2357 iactatam
838 2295 928 2356 illam
942 2293 992 2353 in-

39 2391 82 2447 ter
99 2389 238 2450 homines
258 2391 495 2469 aequalitatem,
522 2409 558 2452 ac
578 2390 771 2451 libertatem.
797 2389 992 2451 Necessitate

39 2483 150 2542 subditi
169 2491 267 2544 estote
287 2483 344 2561 (l).
370 2486 500 2562 Itaque,
517 2486 553 2544 ut
572 2484 714 2544 homiues
737 2483 769 2543 in
791 2481 918 2542 civilem
941 2498 992 2540 so-

42 2575 173 2636 cietatem
194 2578 368 2638 coalescere
389 2581 526 2656 possent,
542 2577 780 2655 gubernationis
800 2575 901 2636 forms
921 2591 993 2633 con-

43 2668 122 2727 stitui
143 2671 262 2743 debuit,
284 2688 341 2748 per
360 2689 452 2747 quam
475 2671 546 2734 iura
566 2671 625 2732 illa
651 2669 812 2731 libertatis
834 2666 993 2744 adscripta

39 2769 104 2820 sunt
142 2765 196 2824 snb
231 2765 318 2843 leges
348 2779 586 2842 supremamque
619 2763 824 2841 regnantium
856 2763 994 2839 potesta·

40 2861 108 2928 tem,
123 2875 161 2916 ex
180 2875 241 2934 quo
263 2857 478 2936 consequitur,
494 2859 574 2934 quod
589 2857 623 2918 S.
638 2857 834 2935 Augustinus
854 2855 946 2914 docet
959 2853 999 2930 iu,

40 2949 107 3008 baec
129 2951 243 3010 verba:
267 2967 285 3011 c
307 2951 461 3011 Generale
482 2951 595 3028 qulppe
616 2953 742 3027 paetum
764 2953 812 3009 est
833 2947 993 3009 societatis

43 3041 215 3103 »hnmanae
230 3042 356 3102 obedire
370 3043 510 3122 Regibus
524 3045 618 3105 suis»
630 3042 686 3122 (2).
703 3043 902 3120 Quapropter
915 3041 993 3100 haec

38 3137 184 3210 potestus,
202 3153 261 3195 non
283 3137 347 3196 tam
369 3153 388 3196 a
413 3136 522 3197 sociuli
543 3139 726 3210 contractu,
752 3153 843 3213 quam
866 3134 993 3212 abipso

39 3227 97 3285 Deo
129 3227 205 3287 recti
226 3227 363 3308 iustique
395 3232 523 3290 auctore
544 3227 714 3308 repetenda
734 3230 793 3288 est.
817 3226 904 3296 Quod
926 3227 994 3306 qni·

99 3374 135 3427 (1)
144 3375 228 3431 Apost.
239 3374 320 3436 Epist.
333 3366 366 3422 sd
375 3376 482 3423 Roman.
495 3385 551 3434 oep.
562 3375 633 3431 ¹111,
644 3364 713 3422 vers.
726 3375 751 3422 b.

100 3449 136 3502 θ)
151 3449 204 3498 Lib.
216 3452 263 3510 111,
276 3451 435 3502 conrenucn.
449 3463 505 3510 cap.
517 3451 589 3508 Vm,
605 3451 699 3508 tomi,
719 3461 786 3510 opor.
804 3449 865 3498 edit.
882 3448 992 3497 lituris.

41 3535 94 3582 neu·
112 3521 151 3570 ⁹⁴·
