2364 4198
237 275 401 354 legitimae
422 274 604 349 erectionis,
619 275 686 337 sire
707 293 814 336 earum
835 279 962 354 partes,
984 295 1037 354 per
1054 276 1157 336 institu-

237 370 357 430 tionem
379 371 511 431 nnlliter
530 375 688 448 receptam
702 371 755 430 val
768 372 808 431 ab
823 371 953 431 intrusis
966 370 1112 448 episcopis,
1122 369 1157 430 rel

238 462 276 524 ab
301 463 532 541 archiepiscopo
555 465 725 525 Senouensi
739 509 748 539 ,
764 469 798 526 et
817 465 856 526 ab
876 465 1025 542 episcopis
1044 464 1156 524 Aurelia·

238 557 338 631 nensi,
355 560 388 616 et
409 557 610 631 Vivariensi,
625 557 778 636 legitimis
798 558 934 635 quidem,
956 561 1009 618 sed
1028 557 1113 617 cirico
1128 556 1158 615 ir·

238 653 382 710 ramento
397 651 568 726 obstrictis,
584 654 678 710 extra
692 650 845 728 pristinos
858 651 936 710 fines
948 650 1157 728 respectirarun

238 743 439 818 dioecesium,
454 745 578 805 etiamsi
599 745 699 822 aliqui
720 763 760 804 ex
779 745 856 821 ipsis
877 745 941 805 rite
961 748 1051 806 antea
1069 746 1101 803 ad
1116 743 1158 802 Pa·

240 838 378 898 rochiale
399 856 512 898 munus
532 839 683 916 assumpti
702 837 846 898 fuissent.

299 933 330 992 5.
353 933 492 1008 Denique
514 933 656 992 vicarios
677 949 805 1002 omues,
830 934 974 1009 aliosque
999 933 1162 1007 presbyteros

239 1043 430 1104 quocumque
452 1025 577 1085 nomine
592 1024 804 1101 appellentur,
817 1025 854 1084 ad
871 1024 1090 1085 iurisdictionis
1100 1027 1162 1081 actu,

240 1120 441 1190 exercendos,
464 1119 517 1177 vel
538 1118 575 1176 ad
598 1117 705 1176 munia
719 1117 937 1178 ecclesiastica
957 1118 1091 1178 obeunda
1106 1115 1158 1172 dele

151 1217 154 1225 “
240 1215 351 1292 gatos,
375 1211 439 1271 sire
461 1212 649 1289 approbatos
675 1210 714 1270 ab
735 1210 868 1270 intrusis
896 1211 1071 1288 episcopis,
1089 1206 1156 1285 quiin

240 1307 318 1368 alios
340 1305 515 1366 transferre
535 1307 696 1382 nequeunt
714 1304 782 1377 ius,
805 1303 885 1380 quod
907 1305 969 1382 ipsi
992 1323 1050 1365 non
1069 1301 1149 1362 hobed

300 1401 381 1466 Quos
403 1416 508 1458 omnes
529 1398 576 1458 ita
596 1398 742 1470 monitos,
758 1397 820 1456 nisi
842 1398 928 1476 nolpis
943 1392 1150 1465 constiterit'n·

241 1497 293 1554 tra
314 1493 515 1569 praefinitum
538 1491 618 1552 illud
633 1491 784 1568 temporis
799 1493 948 1568 spatium,
962 1494 1040 1571 quod
1058 1485 1154 1566 superis

242 1585 489 1664 assignavimus,
512 1601 568 1660 pro
590 1602 645 1643 sno
667 1602 817 1661 quemque
838 1584 994 1659 crimine,
1016 1583 1123 1650 debita,
1136 1577 1156 1632 ul

241 1697 299 1758 par
319 1682 379 1752 est,
395 1676 611 1737 emendatione
633 1677 790 1738 Ecclesiae
811 1678 1019 1751 satisfeciss03
1035 1682 1093 1737 tum
1104 1683 1156 1736 sant

242 1774 303 1835 etsi
324 1774 508 1842 dolebimus,
526 1779 557 1831 et
577 1770 771 1848 deflebimus,
788 1782 819 1832 ct
838 1775 1042 1850 plasmemus,
1057 1768 1158 1829 ercisc

242 1869 332 1926 ritus
352 1865 597 1933 dissecabimur,
620 1870 658 1921 ut
678 1865 738 1939 qui
753 1866 923 1940 privemur
941 1865 1081 1942 propriis
1096 1871 1162 1917 mem

242 1959 326 2027 tras,-
340 1964 449 2015 tamen
470 1971 537 2013 uon
559 1954 610 2012 ita
630 1954 804 2013 dolebimus
818 1953 876 2034 (1),
892 1955 967 2033 quin
983 1958 1017 2015 in
1032 1952 1156 2016 causatur

243 2051 357 2130 gravi,
380 2067 438 2125 pro
460 2047 625 2108 criminum
652 2047 849 2122 acerbitate,
873 2067 928 2126 pro
955 2043 1155 2126 delinquemus

241 2143 459 2216 multitudine,
482 2160 539 2219 pro
561 2143 757 2223 contagionis
779 2143 929 2219 periculo,
953 2162 990 2203 eo
1012 2136 1154 2205 tandenlr

241 2239 426 2310 veniamus,
452 2238 532 2314 quod
560 2236 748 2313 apostolicae
773 2236 959 2311 servitutiS,
981 2241 1017 2297 et
1040 2231 1149 2296 canonico

243 2329 462 2410 providentiae
476 2329 560 2388 ratio
574 2348 593 2389 a
612 2329 708 2390 Nobis
723 2330 876 2407 postulat,
891 2334 928 2390 ut
948 2331 1067 2392 scilicet
1079 2335 1146 2386 eno*

244 2421 464 2485 municationis
478 2421 665 2481 sententiam
686 2422 718 2480 in
741 2441 791 2482 cos
808 2422 958 2495 feramus,
973 2439 1082 2498 eosque
1093 2415 1148 2476 odia

244 2536 337 2590 mus,
360 2519 452 2592 atque
481 2515 660 2576 mandemus
682 2514 720 2574 ab
741 2515 897 2576 Ecclesiae
918 2514 1152 2575 communiones

245 2612 405 2690 gregatos,
428 2611 462 2667 et
481 2610 640 2683 tamqnam
661 2607 876 2670 schismaticos
893 2609 1072 2686 pervicaces
1083 2603 1154 2664 haur

245 2707 312 2778 dos,
329 2705 362 2761 et
376 2700 522 2762 vitandos
543 2718 609 2760 esse
625 2701 830 2761 declaremus.
917 2741 924 2767 ,

305 2801 402 2867 Quam
424 2800 614 2874 postremam
636 2797 813 2856 canonicam
828 2796 1043 2870 monitionem,
1054 2796 1155 2872 pauno

245 2891 446 2966 hortationis,
469 2893 502 2950 et
523 2887 668 2949 lenitatis
687 2890 824 2966 plenam,
846 2889 906 2950 etsi
927 2908 1009 2949 nunc
1029 2889 1064 2948 ad
1081 2883 1155 2960 epistt

156 3023 158 3029 ι
245 3004 299 3063 pos
322 2987 577 3057 consecratores,
600 3000 654 3042 seu
683 2969 883 3056 adsistentes,
912 2982 950 3043 ad
979 2971 1156 3060 episcoposil·

246 3085 372 3152 trusos,
394 3094 563 3153 eorumque
588 3075 743 3149 vicarios,
767 3077 805 3135 ad
827 3075 985 3152 episcopos
1005 3057 1156 3138 iuratos&

245 3172 395 3250 parochos
415 3171 493 3231 item
515 3169 662 3241 intrusos,
686 3170 719 3228 et
740 3170 778 3228 ad
801 3168 948 3243 vicarios,
971 3188 1024 3230 seu
1037 3159 1158 3245 presbyt·

246 3287 298 3330 ros
325 3268 364 3328 ab
392 3266 525 3327 intrusis
543 3264 706 3342 episcopis
734 3265 918 3343 delegatos,
940 3284 995 3326 seu
1021 3257 1128 3341 approba
1158 3334 1162 3347 Ι

308 3397 345 3451 (1)
361 3395 387 3442 s.
405 3397 442 3442 10.
462 3394 593 3454 chrysost.
606 3393 699 3440 nomn,
720 3395 764 3440 m.
786 3393 814 3440 sn
834 3381 1153 3454 cep.1v.npist.rdlrl⁵

246 3475 307 3520 tom.
318 3472 362 3520 XI.
375 3483 433 3531 pag.
445 3471 485 3519 87.
496 3469 556 3518 edit.
568 3470 650 3518 Paris.
663 3469 731 3519 17³4.
