2514 4198
55 350 299 432 ›quousquisque
321 350 385 410 suis
407 352 665 426 moribusiaret,
681 355 716 414 et
731 370 791 412 non
812 357 875 414 tam
890 354 1019 425 bonum,

54 463 173 523 »qnam
189 445 241 505 sui
257 445 392 506 similem
403 447 528 523 quaerit
542 448 766 525 praepositum.
782 446 893 515 »Quid
910 449 1017 508 autem

52 541 87 598 ab
106 539 291 600 huiusmodi
306 538 479 617 Episcopis,
495 543 554 618 qui
567 542 704 602 aliunde
726 544 894 602 intrarent
916 557 1016 618 quam

48 649 103 708 per
122 635 266 705 ostium,
290 635 373 694 esset
394 635 656 711 exspectandum,
679 634 773 694 immo
793 633 868 710 quid
893 651 951 692 non
979 632 1020 692 ti·

49 729 193 788 mendum
216 727 251 786 in
274 726 471 804 Religionem
493 727 588 801 mali,
611 727 663 804 qni
689 726 879 804 deceptionis
906 727 1018 804 laqueo

50 820 192 894 detenti,
216 819 306 881 nullo
327 821 417 880 modo
438 837 457 880 a
478 819 658 897 deceptione
680 823 830 896 poterunt
855 820 1018 898 corrigere

49 914 197 990 populum
220 915 289 991 (Ill
309 913 361 974 Illi
383 919 469 975 certo
489 914 729 992 qualescumque
750 918 874 987 essent,
899 914 1018 976 nullam

50 1010 205 1070 haberent
226 1009 347 1086 ligandi
369 1014 402 1069 et
422 1009 565 1069 solvendi
586 1012 790 1085 potestatem,
807 1012 917 1085 utpote
942 1009 1020 1085 legie

52 1103 125 1165 tima
146 1103 301 1164 missione
321 1105 477 1176 carentes,
493 1106 527 1162 et
541 1105 635 1163 extra
648 1102 807 1166 Ecclesiae
830 1103 1020 1162 commuuio·

51 1216 118 1257 nem
147 1215 219 1258 esse
248 1197 356 1258 statim
385 1197 624 1258 declararentur
648 1197 686 1256 ab
707 1197 765 1256 hac
786 1197 904 1258 Sancta
926 1196 1016 1267 Sede,

50 1293 128 1370 quod
151 1309 288 1369 semper¹
303 1291 407 1352 lacere
427 1290 459 1352 in
482 1290 659 1352 huiusmodi
683 1290 806 1350 casibus
827 1289 858 1350 in
884 1307 941 1350 usu
963 1291 1018 1349 ha-

50 1387 135 1459 buit,
159 1385 255 1462 idque
283 1383 481 1445 nuncetiam
504 1383 889 1461 publicoProgrammate
915 1383 1019 1445 deela-

52 1484 102 1540 rat
120 1481 154 1539 in
178 1478 321 1538 omnibus
343 1478 562 1556 Episcoporum
587 1476 865 1540 Ultraieotensium
892 1478 1019 1538 electio·
1061 1497 1064 1504 ·

56 1574 139 1633 nibus
163 1571 223 1652 (2).

111 1667 171 1726 Sed
195 1665 230 1724 in
251 1665 385 1726 Decreto
407 1665 612 1742 consequitur
638 1664 780 1742 aliquid,
809 1667 886 1742 quod
917 1665 1017 1724 adhuc

54 1759 191 1820 deterius
206 1757 430 1834 videturesse,
447 1759 596 1828 nimirum
620 1758 715 1820 electi
737 1778 755 1820 a
778 1758 842 1818 suis
857 1758 1018 1818 Districti-

7 1891 10 1902 ι
52 1855 105 1914 bns
124 1852 273 1931 Episcopi
298 1853 448 1938 iubentur
469 1853 767 1930 Metropolitanum,
791 1852 843 1912 vel
864 1852 1016 1912 seniorem

51 1949 136 2008 adire
157 1946 346 2024 Episcopum
371 1947 408 2008 ad
433 1946 631 2008 obtinendam
658 1946 777 2008 abillo
803 1945 1018 2006 confirmatio·

55 2059 131 2114 nem,
144 2057 240 2118 quam
256 2039 282 2099 si
299 2039 354 2100 ille
369 2041 537 2100 concedere
548 2039 756 2115 recusaverit,
772 2033 1015 2117 praescribitur,

56 2138 90 2195 ιιι
106 2135 199 2196 huius
222 2133 366 2210 repulsae
387 2150 511 2194 cansam
533 2132 564 2192 in
588 2132 739 2210 scriptum
763 2134 903 2212 redigat,
920 2136 1015 2212 utque

52 2228 169 2288 exclusi
196 2227 398 2303 interponere
428 2225 548 2302 possint
577 2226 818 2302 appellationem
845 2245 887 2288 eoo
915 2229 1017 2288 abusu

51 2324 128 2399 apud
152 2323 362 2398 magistratus
383 2320 513 2393 civiles,
536 2320 589 2397 qui
609 2321 781 2383 iudicaturi
803 2325 898 2382 erunt
923 2339 1017 2398 super

50 2416 114 2492 ipso
127 2413 463 2490 Metropolitauorum,
477 2413 529 2474 vel
543 2413 764 2491 Episcoporum
779 2413 1015 2476 excludentium

49 2508 179 2580 iudicio,
203 2523 297 2582 penes
319 2523 395 2582 quos
416 2523 525 2582 nempe
552 2505 671 2566 residet
692 2508 729 2566 de
751 2506 890 2568 moribus
911 2511 944 2566 et
965 2509 1017 2566 do·

51 2603 155 2662 ctrina
175 2600 335 2682 iudicandi
357 2602 508 2676 potestas,
531 2603 565 2660 et
585 2601 651 2678 qui,
674 2603 711 2682 pt
731 2599 844 2660 scribit
859 2601 892 2660 S.
906 2600 1017 2661 Hiero-

51 2713 165 2774 nymus
180 2693 243 2774 (3),
266 2693 432 2754 constituti
454 2694 603 2768 luerunt,
626 2697 663 2754 ut
683 2693 828 2771 populum
851 2698 1016 2754 coerceant

50 2790 88 2850 ab
109 2805 234 2849 errore.
258 2789 374 2848 Verum
397 2789 433 2847 ut
453 2787 554 2864 magis
575 2790 700 2864 pateat,
728 2805 819 2864 qnam
847 2786 1016 2863 illegitima

50 2883 92 2942 sit
112 2901 151 2943 ac
172 2883 386 2959 incompetens
406 2882 505 2942 istaec
525 2884 563 2942 ad
584 2881 694 2942 Laieos
716 2881 885 2959 appellatio
901 2925 910 2955 ,
926 2897 1016 2940 revo-

52 2976 182 3036 candum
198 2975 230 3034 in
246 2974 427 3034 memoriam
443 2976 493 3034 est
509 2973 749 3034 celeberrimum
771 2975 849 3035 illud
865 2975 1026 3036 constan-¹

52 3071 109 3129 tini
124 3068 332 3146 Imperatoris
347 3067 537 3144 exemplum.
553 3068 628 3128 Cum
650 3067 733 3126 enim
755 3068 850 3128 multi
872 3068 1017 3128 advenis·

113 3257 148 3310 (1)
166 3253 192 3300 S.
205 3253 307 3300 Damae.
317 3251 398 3310 Epist.
410 3251 457 3308 111,
469 3263 495 3298 n.
508 3252 531 3308 ι,
541 3250 609 3334 inter
618 3249 719 3297 collect.
729 3263 745 3298 a
755 3251 886 3299 (ιοιιιιιιιιι.
897 3254 1013 3311 psalta.

53 3331 76 3374 et
90 3331 149 3462 ἧς)
166 3401 297 3452 Benedicti.
306 3404 376 3460 xlv,
389 3401 422 3454 ed
437 3400 550 3451 univers.
563 3400 662 3457 cathol,
673 3399 702 3448 in
713 3399 843 3468 foederato
853 3400 941 3460 Belgio
950 3414 1015 3450 com-

53 3483 187 3538 morantes,
206 3481 234 3527 ln
249 3480 306 3526 eiua
321 3478 527 3552 Bullar.tom·.l,
540 3481 622 3524 donat.
636 3479 674 3524 11.
901 3535 904 3542 .
943 3529 944 3534 η
970 3535 972 3542 y

113 3557 148 3613 (d)
165 3555 275 3606 advers·
287 3552 443 3606 Luciferiau.
455 3566 482 3602 ιι.
495 3554 517 3610 t,
530 3555 592 3600 tom.
604 3555 639 3610 11,
652 3565 721 3612 oper.
734 3551 794 3600 edit.
806 3552 918 3604 Vellera.
930 3556 1012 3615 pile.
