2498 4200
420 241 598 302 -165-

35 351 119 410 etiam
133 350 304 410 accessisse
318 348 422 408 animo
436 352 542 408 nostro
556 347 691 409 maxime
712 365 840 426 marem
861 363 897 408 ac
918 364 988 424 per-

34 447 188 505 molestam
213 464 274 504 non
294 443 390 505 fateri
411 443 471 503 tibi
493 461 551 502 non
574 459 746 520 possumus.
761 444 796 502 ln
810 442 878 502 eius
893 442 989 519 siqui-

34 538 91 597 dem
112 539 176 599 iam
200 539 298 617 longo
320 555 471 599 annorum
493 537 594 615 spatio
616 535 988 614 perspectaconquiesee·

34 631 128 691 bamus
149 631 334 710 prudentia,
351 630 549 708 integritate,
566 629 638 703 fide,
654 629 868 708 singularique
882 629 987 689 studio

33 726 62 784 ad
82 726 299 800 retinendam,
315 743 497 804 semperque
512 725 612 803 magis
626 725 881 802 adstringendam
902 723 988 784 inter

32 819 96 891 Nos,
119 821 389 898 maiestatemque
402 821 490 884 tuam
509 823 636 880 mutuae
657 817 827 892 amicitiae,
843 816 986 885 fiduciae,

34 912 294 974 necessitudinum
316 912 466 987 omnium,
482 911 712 992 officiorumque
726 910 985 971 coniunctionem.
1057 935 1059 939 ’

32 1003 101 1070 Quas
122 1007 309 1084 praeclaras
329 1005 397 1067 eius
417 1005 536 1078 laudes,
558 1023 627 1065 cnm
649 1009 681 1065 te
702 1004 802 1081 ipsum
818 1021 986 1081 agnoscere

33 1099 164 1172 testeris,
188 1117 294 1176 aequo
315 1103 401 1158 certe
420 1097 524 1159 animo
544 1099 638 1171 feres,
660 1099 719 1157 hoc
739 1115 759 1157 a
778 1097 876 1160 Nobis
889 1097 987 1157 eidem

35 1191 162 1253 debitum
189 1193 280 1254 reddi
301 1190 528 1270 amplissimum
555 1191 788 1265 testimonium,
803 1191 836 1250 in
861 1209 922 1268 quo
942 1195 990 1250 et-

35 1283 82 1344 iam
109 1288 287 1349 Nobiscum
319 1287 541 1362 consentiunt,
568 1291 603 1349 et
629 1288 808 1348 universum
831 1287 863 1347 S.
887 1289 925 1348 R.
950 1287 986 1346 Ε.

36 1378 244 1442 dardinalium
272 1381 466 1459 collegium,
488 1387 522 1440 et
549 1383 670 1455 ceteri,
691 1382 746 1459 qui
773 1384 888 1443 Romae
916 1383 990 1441 sunt

37 1475 184 1551 conspicui
217 1474 365 1548 ordines,
387 1492 464 1550 quos
491 1472 624 1533 mirifice
652 1489 708 1533 sua
736 1473 932 1534 humanitate
953 1491 988 1534 ae

41 1566 146 1630 virtute
170 1555 374 1630 desinxerat.
397 1569 472 1630 (lum
496 1568 598 1646 igitur
625 1569 794 1627 cedendum
819 1587 886 1629 esse
911 1572 990 1629 tem·

43 1661 90 1733 pori
109 1663 321 1734 indicaveris,
344 1662 535 1739 proindeque
556 1662 654 1722 alium
675 1662 796 1740 cogites
816 1662 897 1739 apud
924 1663 989 1724 Nos

43 1752 194 1818 Oratorem
211 1762 301 1817 tuum
316 1757 347 1815 iu
364 1755 453 1824 illius
468 1757 570 1817 locum
593 1757 796 1830 substituere,
812 1756 904 1818 ualde
918 1775 991 1816 con-

41 1845 147 1909 fidimus
172 1860 208 1912 te
230 1868 287 1928 pro
310 1853 365 1909 tua
386 1848 545 1926 sapientia
566 1851 662 1911 talem
684 1868 752 1910 esse
773 1851 987 1922 suffecturum,

42 1943 145 2014 qualem
170 1962 256 2005 nunc
276 1943 440 2021 praecipue
462 1962 512 2004 res
534 1949 678 2019 nostrae,
702 1947 919 2022 Romanaeque
933 1945 991 2005 Ec-

43 2032 135 2097 clesiae
166 2038 313 2100 rationes
340 2037 524 2115 efflagitant.
552 2041 725 2116 Propterea
745 2057 763 2098 a
784 2044 816 2099 te
839 2039 987 2100 maiorem

45 2122 68 2181 iu
81 2132 206 2192 modum
221 2130 369 2209 petimus,
385 2133 477 2207 teque
492 2132 700 2207 obsecramus,
713 2137 750 2192 ut
760 2150 800 2192 ex
813 2131 879 2192 illis
894 2149 987 2192 unum

45 2215 156 2301 deligas,
182 2225 238 2302 qui
259 2225 448 2285 catholicam
464 2224 649 2303 religionem
664 2226 775 2287 intime
789 2225 988 2304 profiteatur,

43 2327 121 2390 neque
143 2319 178 2379 in
202 2337 240 2379 ea
261 2318 417 2379 iuraverit
438 2318 545 2379 debita
566 2319 633 2379 sine
661 2320 843 2398 exceptione
872 2322 987 2393 verba,

42 2421 103 2480 quae
116 2413 156 2473 ab
172 2413 235 2472 isto
249 2411 402 2472 nationali
417 2413 580 2472 conuentu
595 2413 788 2492 exiguntur;
804 2431 891 2474 secus
906 2414 989 2474 enim

42 2496 124 2562 Nobis
145 2508 324 2583 suspectus,
345 2504 553 2582 ingratusque
572 2511 668 2582 esset,
692 2525 790 2584 neque
812 2507 878 2567 ullo
900 2509 989 2566 modo

43 2592 85 2650 tuo
108 2595 267 2676 fungendo
295 2596 472 2658 ministerio
500 2601 580 2676 apud
609 2606 748 2660 sanctam
767 2600 856 2660 banc
878 2599 987 2660 Sedem

43 2695 237 2763 opportunus,
260 2690 452 2768 proindeque
472 2708 491 2751 a
510 2692 608 2754 Nobis
628 2709 690 2750 non
716 2691 923 2769 recipiendus.
941 2691 990 2751 Ita

42 2782 197 2845 maximum
211 2784 320 2857 Nobis,
337 2788 503 2861 nostraque
516 2785 554 2844 de
569 2788 601 2844 te
615 2783 846 2862 exspectatione
860 2783 989 2861 dignum

43 2863 265 2941 onflrmave'ris
293 2882 366 2938 tuae
395 2877 531 2938 eximiae
559 2877 733 2937 uoluntatis
759 2877 930 2953 specimen,
953 2894 989 2936 ac

44 2978 157 3046 summo,
182 2989 242 3049 quo
263 2975 296 3032 te
316 2952 566 3048 complectimur,
581 2970 692 3043 amori,
707 2970 822 3030 studiis
847 2987 883 3029 ac
905 2969 989 3029 votis

42 3057 71 3116 td
88 3063 183 3124 mum
207 3065 324 3124 nostris
345 3062 555 3140 responderis,
577 3063 689 3140 quibus
704 3063 810 3142 regiae
827 3063 989 3124 maiestati

45 3151 102 3214 tuae
122 3157 386 3232 incolumitatem,
407 3156 607 3231 felicitatem,
629 3174 797 3235 veramque
822 3176 891 3218 cum
914 3157 989 3218 reli·

44 3243 127 3317 donis
154 3250 374 3328 Ecclesiaeque
403 3249 580 3310 rationibus
611 3250 808 3312 coniunctam
840 3250 987 3329 gloriam,

45 3352 91 3412 qua
109 3346 228 3407 maiore
248 3363 411 3422 possumus
432 3344 557 3421 paterni
578 3345 677 3405 animi
697 3344 899 3406 contentione
918 3362 989 3422 pre·

44 3431 282 3516 ennumquam
304 3437 564 3511 intermittimus3
587 3439 675 3498 acin
698 3438 879 3499 caelestium
894 3438 988 3498 bene-

46 3521 199 3593 dictionum
221 3532 334 3611 pignus
355 3530 556 3609 apostolicam
579 3530 824 3592 benedictionem
847 3531 919 3605 tibi,
934 3549 992 3592 ea-
