2456 4192
230 305 311 381 quod
334 301 472 364 aNobis
494 302 657 378 postulas,
680 303 819 363 solamen
840 302 955 363 afferre
969 301 1069 364 Vobis.
1091 320 1212 381 possu-

230 414 312 469 mus,
328 413 397 456 cum
419 398 524 456 eodem
544 398 610 459 Nos
631 394 692 474 ipsi
710 413 774 456 non
796 395 901 456 minus
914 395 1127 472 indigeamus?
1145 399 1210 458 Sed

230 492 312 567 quod
334 490 365 550 in
387 491 533 552 humanis
554 490 648 549 rebus
668 489 842 549 remedium
857 508 917 549 non
933 489 1125 567 reperimus,
1145 510 1209 552 non

230 585 300 646 ideo
322 589 427 645 tamen
449 584 639 661 despondere
658 583 804 643 debemus
818 582 969 658 animum,
986 584 1039 644 sed
1056 602 1127 661 spes
1144 587 1213 647 No·

230 683 314 740 stras
336 696 440 739 omnes
457 678 494 738 'iu
514 696 584 738 eum
607 677 774 754 proiicere,
797 678 851 756 qui
874 678 981 754 pacis,
1003 681 1037 738 et
1058 680 1212 740 consola·

231 773 326 836 tionis
347 775 428 833 Deus
449 777 519 845 est,
543 777 637 850 atque
658 771 776 830 idcirco
796 769 987 850 coniungere
1013 772 1213 834 obsecratio-

232 885 287 927 ues
308 870 346 928 ad
368 867 470 944 ipsum
490 869 638 940 Nostros,
656 883 716 943 quo
737 865 925 927 efficaciores
946 864 1071 926 siutad
1094 870 1211 929 tantas

212 961 419 1022 ‘avertendas
441 961 658 1034 calamitates;
680 978 758 1038 quas
778 963 865 1020 certe
886 977 995 1036 preces
1017 979 1078 1020 non
1100 961 1210 1023 inter·

231 1053 383 1126 misimus,
407 1072 528 1131 exque
549 1053 687 1131 primum
709 1053 845 1126 labores,
861 1056 895 1113 et
915 1054 1056 1131 pericula
1077 1051 1224 1128 vestra,

233 1147 458 1225 universaeque
480 1146 620 1208 Gallicae
640 1145 788 1208 Nationis
810 1145 1039 1221 intelleximus,
1056 1151 1094 1208 ut
1115 1149 1211 1210 scili·

231 1245 284 1302 cet
311 1243 436 1301 vestras
461 1258 513 1300 res
540 1239 572 1298 in
594 1239 710 1299 melius
731 1241 840 1299 vertat
859 1242 965 1314 Deus,
986 1243 1209 1320 Nostrumque

231 1352 407 1396 moerorem
434 1348 504 1394 cum
533 1331 732 1410 iucunditate
760 1335 954 1408 commutet,
977 1352 1013 1394 uc
1043 1351 1137 1396 suam
1163 1337 1210 1397 ita

232 1429 365 1508 gloriam
386 1427 487 1505 magis
499 1425 670 1504 ‘magisque
691 1425 823 1500 claram,
842 1426 1105 1505 manifestumque
1127 1431 1211 1490 red-

231 1526 308 1594 dat,
338 1523 490 1598 fidemque
511 1521 543 1580 in
571 1523 650 1582 Eum
677 1521 826 1582 Nostram
854 1519 1039 1582 firmiorem.
1068 1524 1209 1584 Interim

232 1622 269 1678 ut
289 1619 408 1678 Nostra
429 1633 506 1692 erga
524 1615 588 1675 Vos
610 1614 716 1674 studia
735 1632 827 1692 quam
849 1633 1024 1692 propensa,
1046 1635 1209 1697 quamque

232 1712 344 1789 parata
364 1709 439 1783 siut,
456 1708 529 1768 Tibi
549 1709 796 1785 comprobemus,
812 1707 951 1769 libenter
968 1709 1139 1771 annuimus
1156 1731 1211 1790 po-

232 1804 365 1877 stulato,
381 1803 461 1880 quod
482 1800 658 1876 subiecisti3
679 1819 717 1862 ac
737 1801 949 1878 indulgemus,
965 1806 1060 1879 prout
1081 1803 1212 1866 difficil-

232 1897 317 1958 limis
349 1897 435 1957 hisce
465 1894 660 1971 temporibus
690 1897 929 1972 opportunum,
958 1905 992 1956 et
1016 1897 1210 1962 retinendae

231 1990 472 2052 Ecclesiasticus
495 1988 681 2065 disciplinae
711 2006 885 2065 congruum
913 2007 980 2050 esse
1013 2008 1147 2065 censes,
1174 1997 1212 2055 ut

231 2087 387 2146 Votorum
415 2081 623 2160 Regularium
652 2081 921 2158 dispensationes,
945 2101 1024 2161 quse
1055 2085 1209 2167 deinceps

233 2177 464 2256 expedientur,
488 2175 625 2234 solorum
655 2175 878 2254 Episcoporum
900 2177 1108 2256 religioniet
1129 2199 1211 2258 pru-

233 2272 357 2334 dentiae
378 2268 642 2330 oommittautur:
666 2273 760 2347 atque
782 2269 813 2331 id
828 2289 898 2348 *pro
921 2271 1055 2350 singulis
1076 2273 1210 2335 casibus

231 2365 414 2444 praestetur
434 2379 491 2440 per
512 2366 661 2423 consueta
681 2361 799 2422 Brevia
818 2365 1023 2441 Apostolicae
1036 2367 1208 2429 Datariae.

231 2460 356 2534 Vosque
378 2456 410 2515 in
432 2455 562 2516 Domino
583 2457 763 2530 hortantes,
780 2461 816 2518 ut
837 2475 876 2517 ex
896 2457 946 2517 his
967 2457 1044 2534 ipsis
1065 2458 1211 2522 tribula·

231 2550 369 2614 tionibus
384 2549 502 2610 vestris
523 2548 644 2610 maiora
658 2550 740 2629 apud
755 2552 854 2610 Deum
868 2550 1058 2627 comparetis
1071 2555 1207 2627 merita,

232 2649 267 2708 et
286 2643 436 2706 Ecclesiis
457 2642 587 2717 vestris,
610 2642 818 2721 universoque
840 2643 962 2704 Gallico
979 2644 1087 2722 Regno
1109 2663 1209 2722 praa-

232 2739 324 2813 sidia,
336 2735 548 2814 Apostolicam
560 2735 644 2810 Tibi,
658 2735 781 2813 tuisque
792 2736 933 2814 Collegis
943 2737 1208 2801 Benedictionem

233 2831 417 2893 caelestium
438 2847 603 2890 munerum
626 2827 785 2906 auspicem
799 2847 839 2889 ax
853 2829 969 2904 auimo,
986 2847 1022 2890 ac
1037 2847 1211 2908 peraman-

234 2931 286 2988 ter
306 2923 520 3001 impertimur.
872 2977 875 2984 .

293 3022 409 3081 Datum
430 3021 547 3079 Romae
569 3017 651 3095 apud
673 3017 706 3076 S.
723 3018 856 3077 Petrum
878 3018 935 3078 sub
955 3016 1080 3078 Annulo
1095 3018 1210 3080 Pisca-

179 3183 181 3187 ,
235 3113 325 3187 toris,
342 3114 391 3173 die
406 3114 525 3174 XXXI.
540 3109 652 3173 Martii
666 3111 842 3172 MDOOXO.
858 3109 1067 3172 pontificatus
1087 3111 1209 3174 Nostri

233 3226 315 3270 anuo
336 3209 423 3270 XVI.
530 3249 532 3254 -
741 3205 750 3228 ⁸
1223 3203 1224 3208 ’

777 3297 975 3359 Benedictus
994 3297 1078 3375 stay
