2456 4192
577 59 589 114 Ι

626 235 664 246 -
685 203 716 261 x
743 235 781 246 -

219 307 368 378 cultates
391 312 579 377 occurrant
600 307 637 376 in
660 306 756 376 bisce
779 307 1040 380 collectionibus
1063 330 1204 378 curan-

220 408 285 493 dis,
310 409 444 479 facilem
467 408 563 478 dabit
585 408 724 480 veniam
749 412 813 498 (l).

286 515 390 580 Porro
415 516 492 582 acta
517 511 583 581 ista
605 511 858 601 chronologico,
876 513 990 604 quoad
1005 512 1118 595 licuit,
1132 533 1199 582 or·-

219 611 479 703 dine'disposita
495 618 589 682 sunt.
601 614 662 685 llis
676 615 847 705 appendix
860 614 1015 696 accessit,
1029 614 1067 684 in
1079 634 1198 705 quam

219 737 258 786 ea
283 717 460 805 compulsa
484 721 589 797 sunt,
614 737 703 807 quae
730 718 817 786 actis
846 717 930 807 ipsis
953 717 1009 788 vel
1032 716 1198 807 aliquam

217 818 332 887 lucem
355 812 514 907 afferunt,
532 817 588 888 vel
612 818 799 888 eorundem
823 840 963 888 causam
987 820 1043 891 vel
1067 839 1196 888 conse·

219 921 326 992 ctaria
350 919 516 989 indicant.
542 920 731 1011 Diligenter
754 926 871 990 autem
886 928 1045 991 curatum
1062 927 1128 1003 est,
1147 926 1196 989 ut

218 1025 260 1094 ad
277 1024 378 1114 primi
398 1022 584 1093 voluminis
599 1023 728 1092 calcem
745 1025 928 1114 praecipua
942 1024 1093 1105 decreta,
1112 1025 1195 1112 ipsa

218 1125 377 1215 originali
403 1125 520 1214 lingua
546 1131 694 1209 servata,
717 1127 938 1209 referrentur,
956 1146 1045 1216 quae
1061 1147 1080 1195 a
1097 1129 1193 1196 Con·

216 1235 326 1300 ventu
348 1227 521 1298 Nationali
546 1228 676 1298 Gallico
693 1231 822 1300 sancita
839 1229 993 1298 fuerunt.
1007 1228 1106 1312 Quod
1123 1228 1191 1297 du·

217 1332 298 1423 plici
322 1354 366 1401 ex
390 1352 494 1402 causa
517 1331 648 1400 factum
671 1338 735 1413 est,
753 1337 794 1401 ut
816 1332 949 1401 scilicet
971 1329 1192 1401 luculentius

218 1433 492 1523 intelligerentur
516 1433 729 1522 Apostolicac
752 1431 1035 1514 constitutiones
1056 1431 1193 1523 quibus

218 1535 353 1605 decreta
378 1534 436 1604 illa
461 1533 654 1625 improbata
679 1535 841 1605 damnata
869 1542 975 1618 sunt;
998 1535 1122 1606 deinde
1145 1541 1189 1605 ut

218 1637 327 1709 satius
349 1642 504 1729 pateret,
529 1638 558 1706 si
582 1638 660 1730 quis
690 1639 802 1740 adbuc
827 1639 860 1708 id
885 1639 1042 1730 ignorare
1065 1639 1188 1729 depre-

217 1741 404 1823 hendatur,
422 1762 512 1832 quae
533 1741 758 1831 sequentibus
783 1741 885 1811 annis
898 1742 934 1810 in
949 1740 1103 1811 diversas
1117 1745 1187 1809 Eu·

218 1864 321 1935 ropac
337 1843 485 1914 ditiones
510 1843 670 1913 instituta
700 1849 762 1912 aut
784 1845 875 1931 leges
898 1844 1056 1913 invectae
1079 1849 1187 1924 sunt,

217 1945 435 2037 putidissima
447 1949 585 2014 tantum
598 1965 672 2015 esse
687 1946 824 2015 illorum
836 1946 1052 2016 decretorum
1067 1967 1188 2016 exem·

217 2050 285 2140 pla;
306 2070 427 2140 caque,
457 2049 513 2118 vel
537 2053 723 2139 antequam
746 2048 941 2132 ederentur,
962 2050 997 2119 in
1021 2048 1187 2140 praefatis

216 2151 421 2243 Apostolicis
449 2151 776 2234 constitutionibus,
794 2152 1036 2242 praedamnata
1061 2151 1185 2222 luisse.

216 2259 404 2345 Postquam
433 2272 516 2324 vero
539 2253 582 2322 ad
611 2253 754 2323 alterius
782 2253 972 2324 voluminis
995 2254 1102 2324 linem
1125 2255 1186 2324 de·

214 2363 361 2426 ventum
385 2362 449 2438 est,
462 2376 500 2424 ea
517 2355 608 2426 tanti
624 2355 801 2428 Pontificis
820 2357 1003 2427 admiratio
1025 2359 1186 2427 animum

215 2463 377 2528 nostrum
399 2457 526 2548 rapuit,
547 2453 601 2527 ,ut
627 2457 801 2528 abstinere
830 2460 1027 2551 nequiverit
1050 2481 1069 2528 a
1098 2462 1186 2530 reic-

216 2559 322 2628 renda
350 2559 386 2627 in
403 2558 624 2649 appendicem
642 2558 778 2628 funebri
800 2561 999 2630 laudatione
1022 2562 1094 2649 (2),
1112 2583 1185 2652 qua

216 2662 420 2732 honestatus
431 2666 483 2731 est
497 2660 606 2750 pridie
614 2662 788 2734 Kalendas
803 2664 1007 2734 Novembris
1020 2685 1078 2732 an.
1096 2663 1186 2735 1799

281 2806 325 2883 (1)
342 2812 371 2863 Is
390 2813 461 2864 bena
482 2810 517 2863 da
538 2813 621 2864 nobis
641 2813 805 2880 merebitur,
824 2813 873 2880 qui
892 2813 1020 2866 indicare
1039 2812 1185 2876 benignus

215 2895 289 2950 velit
304 2894 469 2948 documenta
490 2911 562 2962 quaa
575 2896 622 2948 hic
641 2895 849 2962 desiderantur,
866 2911 1016 2964 eorumque
1026 2911 1084 2948 una
1095 2896 1183 2948 simul

215 2983 343 3046 exempla
364 2981 480 3032 mittero
501 2980 535 3031 ad
555 2982 627 3033 hanc
646 2981 864 3047 typographiam
887 2981 995 3034 additis
1008 2973 1182 3046 opportunis

212 3065 330 3118 notitiis
344 3063 435 3130 quoad
445 3065 557 3116 illorum
572 3065 758 3128 grauitatem.
771 3065 884 3118 Etenim
900 3066 1005 3132 optime
1017 3065 1125 3116 iactum
1138 3081 1183 3117 es·

215 3152 270 3215 sot,
295 3149 321 3200 si
348 3147 432 3200 novis
456 3148 565 3200 additis
585 3148 773 3216 documentis,
793 3150 963 3216 locupletior
984 3149 1115 3202 collectio
1132 3150 1183 3202 fle-

214 3237 269 3301 ret,
285 3234 330 3287 cui
343 3232 517 3286 recudendaa
537 3234 641 3285 alacris
661 3249 746 3300 opera
771 3233 897 3288 daretur.

283 3317 326 3392 (2)
340 3319 427 3370 Edita
447 3319 505 3369 fuit
516 3319 650 3372 Venetiis
668 3318 946 3377 idibusilovembris
968 3319 1117 3372 ann.1799
1132 3323 1179 3386 ty-

215 3405 264 3472 pis
280 3403 402 3458 Antonii
422 3402 516 3455 curtii
535 3404 591 3457 Iac.
613 3403 646 3456 P.
670 3404 829 3471 sumptibus
845 3401 963 3456 Ioannis
986 3405 1071 3457 Zatta
1091 3405 1123 3456 in
1146 3407 1181 3458 li·

223 3489 299 3542 bello
318 3488 364 3542 oui
383 3488 487 3540 titulus
503 3505 508 3538 :
530 3486 584 3537 Pio
602 3491 684 3540 Sento
703 3489 840 3559 Pontifici
856 3487 981 3540 Monimo
1000 3490 1181 3545 Parentalia.
