2498 4200
442 259 621 322 -ace-

55 365 227 426 murices
248 365 413 426 Ecclesiae
432 368 556 442 repulia
576 374 763 427 constanter
785 368 928 439 insistas,
944 385 1013 429 mu·

53 459 201 534 almoque
220 460 396 534 episcopati
412 465 556 534 pectore,
577 467 676 534 prout
698 459 798 531 detes,
821 461 1009 533 contendas,

53 554 270 629 quantumin
294 551 336 613 l'e
357 560 418 625 est,
443 561 481 612 ut
505 553 611 612 omnis
635 553 822 612 obstruetur
846 556 1009 627 novitati,

52 645 233 718 schismati,
257 654 355 724 etque
380 647 486 707 errori
513 647 640 716 aditus,
664 654 764 722 utque
795 647 853 706 doc
883 650 1014 723 pericu·

54 740 206 798 letissimo
227 747 366 816 tempore
386 740 463 802 duci
487 739 529 800 Te
549 741 645 800 unice
666 742 799 818 rapique
818 741 909 800 sinus
928 757 949 800 a
964 739 1014 800 di·

52 833 125 892 vs'uc
138 833 280 904 consilii,
293 833 513 910 fortitudinis,
531 851 569 894 uc
578 835 765 908 patientiae
777 835 899 909 spiritu
910 832 967 910 (1).

107 928 281 988 Praeterea
293 927 464 988 certiorem
479 930 554 987 tuuc
569 926 762 986 reddidimus
781 943 887 1003 regem
906 944 1013 988 eorum

53 1036 126 1094 quae
146 1037 166 1078 a
188 1019 343 1080 Lomcmo
364 1020 395 1079 in
418 1019 486 1080 illis
506 1022 600 1081 eraut
619 1019 740 1097 scripta
760 1019 899 1092 litteris,
913 1023 947 1080 et
960 1022 1014 1082 ad·

52 1108 209 1171 iuuximus
230 1113 408 1189 exemplum
428 1113 564 1174 Nostrae
585 1110 673 1172 illius
687 1110 916 1190 responsionis:
932 1115 1013 1188 quod

53 1221 86 1264 ea
104 1209 213 1266 mente
235 1205 410 1266 iaciendum
432 1204 596 1278 duximus,
621 1209 658 1266 ut
677 1205 731 1283 qui
752 1205 842 1282 regia
862 1221 1015 1264 commen·

54 1301 174 1362 datione
197 1293 416 1370 cardinalatus
437 1302 595 1381 dignitate
617 1303 723 1366 iuerat
743 1307 920 1376 decoratus,
940 1321 1016 1364 euu-

54 1395 115 1454 dem
136 1414 197 1456 sua
217 1414 277 1456 rex
296 1396 363 1474 ipse
389 1399 584 1460 auctoritate
605 1400 643 1457 ad
664 1398 817 1472 officinm,
840 1416 876 1459 ac
901 1398 1015 1459 salutis

54 1487 132 1548 rum
155 1489 343 1563 reduceret,
359 1509 447 1554 secus
468 1495 591 1554 coactos
612 1490 681 1552 iore
701 1493 766 1554 Nos
787 1493 825 1553 ad
847 1490 1015 1553 commiua-

55 1582 97 1641 tas
117 1599 236 1659 poenas
256 1583 406 1644 devenire
421 1584 479 1663 (2).
541 1657 543 1662 ¹

108 1676 170 1735 Sed
193 1676 269 1736 haec
290 1676 395 1736 omnia
414 1677 523 1750 exitu,
546 1696 636 1754 quem
663 1677 898 1755 spectabamus,
921 1677 1013 1754 plene

56 1770 234 1838 caruerunt.
250 1769 330 1830 Nam
352 1770 527 1833 Lomenics
547 1755 714 1832 obflrniato
735 1789 797 1848 qno
818 1775 889 1830 erat
909 1771 1013 1842 auimo

56 1876 121 1920 suos
135 1878 198 1920 nou
213 1860 276 1922 iam
292 1863 483 1939 detestandi,
496 1866 547 1924 sed
564 1865 782 1943 propugnandi
796 1881 931 1935 errores,
947 1879 1015 1922 sns-

57 1953 153 2030 cipere
175 1973 236 2014 uon
258 1955 343 2018 aliud
364 1957 531 2018 consilinm
552 1958 673 2032 voluit,
688 1975 780 2034 quam
804 1958 906 2035 ipsum
927 1957 1013 2018 ultro

57 2051 280 2112 cardinalatum
310 2053 492 2114 dimittendi
519 2073 556 2114 eo
583 2051 677 2132 plaue
704 2055 813 2125 modo,
836 2071 896 2130 quo
921 2055 1014 2114 autea

59 2145 195 2218 primarii
215 2145 355 2208 ministri
377 2165 489 2208 munus
510 2148 687 2222 abieceret3
703 2165 773 2209 cum
794 2148 907 2225 seipse
923 2147 1015 2210 uimi-

59 2255 120 2299 rum
148 2240 180 2300 iu
210 2259 279 2300 eum
309 2241 493 2302 coniecisset
522 2246 658 2316 statum,
681 2246 719 2304 ut
746 2241 804 2302 illo
824 2241 960 2320 amplius
981 2259 1013 2302 se

56 2330 140 2411 iungi
160 2352 220 2392 nou
242 2351 331 2410 posse
352 2340 566 2412 cognosceret.

110 2429 192 2488 Hinc
211 2446 268 2506 per
289 2428 464 2506 Epistulam
492 2430 543 2491 die
563 2431 604 2492 26
618 2431 734 2492 Mensis
754 2431 864 2492 Martii
892 2432 929 2492 ad
949 2433 1014 2495 Nos

56 2537 94 2580 ex
113 2523 188 2582 urbe
211 2522 382 2584 Senoueusi
396 2525 518 2597 datam,
535 2524 658 2602 plenam
674 2525 858 2584 commentis
872 2528 906 2584 et
919 2525 1016 2586 simu·

58 2612 240 2690 latioribus,
256 2615 341 2676 clare
357 2619 462 2678 tamen
477 2635 685 2695 expresseque
698 2616 837 2678 dimittit
849 2635 885 2676 ac
900 2633 1016 2678 renuu-

57 2705 115 2768 eiat
133 2709 232 2770 Nobis
260 2709 493 2770 cardinalitium
523 2708 722 2786 dignitatem.
746 2711 791 2770 Ac
812 2727 848 2770 co
869 2727 901 2770 se
923 2710 1015 2772 reda·

56 2805 135 2860 ctum
155 2802 254 2864 fuisse
275 2803 418 2880 scripsit,
435 2806 474 2862 ut
492 2801 545 2862 rel
565 2800 654 2861 cirili
677 2803 829 2878 potestati
843 2805 946 2862 deesse
960 2803 1016 2864 de-

57 2889 159 2970 beret,
179 2896 227 2956 rel
249 2895 478 2956 cardinalatum
499 2896 671 2971 deponere,
687 2912 746 2971 quo
767 2893 846 2971 ipso,
862 2896 1014 2970 quantum

58 2983 85 3046 iu
106 3006 139 3048 se
158 2992 225 3061 est,
249 2987 419 3066 plurimam
441 3006 500 3049 nou
523 2987 685 3048 dubitavit
706 2987 841 3047 conflare
863 2987 1014 3048 iuvidiam

57 3077 101 3139 illi
121 3081 337 3156 iuriiurando,
359 3099 418 3158 quo
439 3080 620 3142 cardinales
641 3081 674 3140 S.
691 3081 730 3142 R.
752 3080 789 3140 E.
814 3079 1017 3157 obstringun-

58 3175 107 3234 tur
120 3176 177 3254 (3).
193 3178 238 3237 At
259 3193 317 3236 uon
341 3175 404 3236 iam
425 3175 476 3235 hio
497 3175 650 3252 agebatur
671 3173 709 3233 de
728 3172 883 3249 expositis
895 3173 936 3233 ab
948 3173 1015 3252 ipso

57 3269 254 3346 confictisque
275 3269 481 3329 dubitationis
502 3270 621 3342 causis,
644 3269 696 3328 sed
719 3284 870 3344 quaenam
896 3268 1017 3344 praeie-

115 3417 150 3472 (1)
167 3416 216 3466 cit.
233 3413 314 3474 aput.
325 3427 383 3474 par.
395 3415 435 3464 dt.

117 3493 152 3547 lt)
169 3491 282 3540 Litterae
298 3489 339 3539 die
356 3493 386 3539 10
401 3489 488 3540 llarttl
505 3491 574 3540 17⁹1·
593 3487 871 3549 th.u.xx1.p.1as.

116 3566 150 3624 td)
166 3559 190 3618 fl.
205 3563 303 3623 Quoad
312 3570 394 3628 retra,
410 3566 437 3613 et
451 3559 476 3618 8.
490 3561 580 3613 Plced.
