2386 4194
13 344 111 416 stabis,
132 348 168 405 nt
188 361 300 423 spero,
322 363 362 404 ex
387 343 455 421 ipso
482 359 592 403 errore
621 338 754 400 honoris
781 335 954 415 plurimum

11 437 111 513 espies,
132 440 166 498 et
187 437 302 497 summi
322 435 486 498 Pontifleis
508 434 709 496 dilectionem
738 429 951 492 demercbere.

12 530 94 605 Spero
114 530 256 608 equidem
272 531 351 605 iore,
367 534 403 591 nt
416 547 509 608 qnam
525 529 562 588 de
576 532 610 588 te
623 525 657 587 in
672 523 837 586 Pontificis
851 521 955 582 enimc

10 625 253 700 exspectationem
278 623 457 697 concitasti,
481 623 562 683 hane
589 620 744 682 sustineas
768 635 804 679 ne
829 619 951 676 tueare.

12 715 120 776 Interim
142 718 193 777 tui
214 733 284 776 sum

146 809 372 871 Illustrissime
393 808 522 870 Domine

52 904 163 964 Romae
178 904 236 964 111.
253 904 314 964 eal.
329 902 451 980 Aprilis
465 919 547 964 enno
560 900 750 964 MDccxcl.

561 993 709 1056 servitos·

433 1087 490 1148 Fr.
507 1087 549 1150 Χ.
567 1085 665 1148 cord.
682 1085 721 1146 de
733 1082 871 1146 rezeda.

102 1425 257 1496 EPIS'P.
275 1320 564 1498 CARDleAIIllS
586 1425 622 1492 A
644 1417 836 1492 ZELADA

64 1599 105 1658 ll)
123 1600 255 1660 Doni:
277 1599 553 1672 MIRAMON,D1⁴2
574 1595 716 1658 GRAND
730 1589 885 1661 GHAMP‚

260 1693 313 1753 DE
333 1690 680 1762 crassissimis&

49 1855 223 1938 Cererisque
249 1859 389 1920 vicariis
409 1859 561 1920 dioecesis
580 1830 902 1934 Aupwodunensis.

270 2030 507 2090 mustrlsstmi
519 2029 670 2092 Domini.

55 2217 112 2277 Dici
128 2217 190 2277 vix
206 2221 311 2294 potest
327 2221 445 2295 quanto
465 2218 562 2280 animi
585 2218 698 2297 gaudio
719 2234 754 2278 ee
774 2216 951 2293 voluptate,

8 2323 44 2366 ne
63 2310 245 2384 referente,
273 2309 413 2371 audierit
433 2311 657 2372 Sanctissimae
677 2313 818 2384 Noster,
845 2307 953 2386 quales

6 2401 94 2463 Vestri
121 2409 231 2465 essent
257 2405 396 2483 obsequii
423 2410 518 2484 etque
538 2406 662 2467 ardoris
688 2405 722 2466 in
749 2403 952 2484 apostolicam

4 2491 96 2556 Sedens
117 2503 153 2558 et
174 2497 206 2556 in
229 2498 427 2577 Religionem
449 2517 568 2573 sensus,
584 2517 660 2577 qnos
675 2505 800 2559 vestroe
821 2497 952 2557 litterae

4 2587 40 2647 iie
58 2591 97 2650 23
118 2591 218 2669 elapsi
239 2592 356 2652 mensis
377 2593 545 2654 Februarii
566 2596 659 2655 detes
680 2610 755 2671 prae
777 2609 810 2652 se
830 2589 951 2649 lerunt.
1021 2649 1022 2652 ,

1 2680 112 2744 Meritis
132 2684 190 2745 ille
212 2685 275 2745 iam
297 2685 441 2746 leudibus
462 2687 612 2748 affecerat
633 2690 699 2746 tum
721 2703 792 2760 vos,
814 2687 881 2745 tum
902 2680 954 2740 in-

17 2795 113 2853 gnum
133 2779 420 2856 Augustodunense
440 2779 621 2858 Capitulum
643 2780 674 2840 in
696 2797 753 2841 sua
772 2779 811 2838 nd
833 2772 953 2836 archie-

8 2869 129 2949 iscepos
149 2876 184 2932 et
204 2871 364 2950 episcopos
384 2872 561 2935 Galliarum
582 2873 808 2952 responsione,
833 2871 866 2930 in
891 2885 953 2946 qus
978 2891 980 2898 ·

1 2965 240 3028 commemoratis
260 2983 298 3026 ec
318 2966 470 3029 refutetis
490 2968 653 3047 principiis
672 2966 779 3028 civilis
799 2962 953 3024 constitn-

1 3055 84 3120 ticnis
105 3060 196 3134 cleri,
219 3078 280 3119 non
303 3061 409 3138 potuit
428 3062 525 3123 etiem
547 3063 585 3122 de
606 3062 709 3124 vestri
730 3058 867 3121 infelicis
887 3055 953 3134 epi·

0 3153 74 3228 copi
95 3153 270 3215 delectione
293 3172 354 3214 non
375 3154 472 3232 loqui.
490 3157 549 3215 Sed
566 3159 656 3217 modo
671 3173 751 3216 nova
772 3151 882 3233 gaudii
902 3149 952 3212 ia·

31 3270 35 3293 2
61 3249 109 3306 est
128 3245 277 3320 secessio,
297 3266 368 3308 cnm
390 3248 510 3310 viderit
530 3249 683 3328 pleneque
704 3245 891 3328 cognoverit
911 3261 951 3304 ex

19 3341 188 3415 sponsione
214 3341 254 3401 ed
281 3339 429 3402 officiales
456 3343 662 3420 municipales
687 3343 781 3404 istius
807 3338 952 3401 civitatis

19 3448 85 3506 per
103 3433 279 3496 iuramento
300 3451 357 3511 per
377 3452 433 3494 vos
454 3435 545 3509 date,
567 3440 601 3496 et
622 3437 740 3496 vestris
764 3437 874 3496 iuncta
898 3431 953 3492 lit-

27 3523 85 3597 ris,
100 3543 173 3603 quse
187 3526 352 3604 qualisque
367 3526 410 3587 sit
423 3527 598 3589 animorum
620 3532 801 3590 vestrorum
815 3525 952 3588 flrmitns
996 3519 999 3532 '
