2498 4200
104 313 134 371 4.
150 305 325 388 Numquam
346 311 442 372 etiam
466 313 576 373 licebit
597 312 742 374 fidelibus
761 312 1005 374 declarationem

50 406 137 466 edere
156 406 353 466 matrimonii
373 405 435 466 ism
450 408 606 468 contracti
628 407 831 485 magistratui
853 407 955 479 civili,
979 406 1006 467 si

49 498 126 558 forte
136 500 378 576 adstringantur
390 502 482 561 aliam
492 499 717 577 iniquissimam
730 519 803 562 sane
815 499 1007 582 declaratio·

5 626 7 662 ς
50 612 113 652 nem
132 594 249 666 facere,
265 613 297 654 se
318 596 438 656 scilicet
459 597 541 656 haud
563 613 629 655 esse
651 595 843 670 catholicos,
864 597 943 672 quod
966 612 1005 654 ne
1060 661 1062 668 ¹
1083 655 1086 662 ,

5 720 6 724 =
49 687 182 762 aecidat,
206 689 312 749 vereri
340 707 372 749 se
393 690 503 750 dicunt
523 691 661 767 episcopi
689 691 887 750 consulentes
915 706 951 748 eo
972 688 1006 747 in

50 781 124 853 loco,
139 781 193 840 ubi
214 784 252 840 de
274 781 425 859 baptismo
446 783 630 860 loquuntur.

100 875 130 935 5.
148 877 208 936 Sed
232 895 271 936 ne
292 875 435 937 fidelibus
456 881 579 955 quidem
602 877 866 955 permittendum,
884 881 922 936 nt
941 894 1009 937 ma·

48 969 185 1028 trimonii
200 969 263 1030 iam
285 972 441 1034 contracti
456 973 699 1033 declarationem
715 989 819 1031 coram
834 970 922 1029 civili
939 988 1009 1029 ma-

6 1129 7 1132 *
50 1063 181 1139 gistratu
202 1064 334 1138 faciant,
350 1066 377 1124 si
401 1067 439 1125 ob
460 1067 553 1127 istam
572 1067 720 1127 catholici
743 1084 799 1143 pro
820 1063 1006 1125 acatholicis

50 1157 232 1230 habeantur,
249 1162 315 1217 tum
331 1159 404 1235 quia
426 1160 521 1220 edicti
537 1162 633 1220 verba
655 1162 859 1220 heterodoxos
881 1159 1006 1216 tantum

51 1267 191 1328 expresse
212 1255 491 1329 comprehendunt,
508 1258 573 1313 tum
597 1255 682 1331 quia,
696 1253 822 1329 publica
842 1249 1004 1310 hominum

6 1411 8 1415 ⁸
50 1346 200 1420 opinione,
216 1364 273 1423 pro
287 1349 488 1409 heterodoxis
503 1352 694 1425 reputantur
707 1365 824 1421 omnes,
841 1346 893 1423 qui
915 1343 1007 1404 civili

50 1436 247 1515 magistratui
269 1458 325 1499 sua
346 1442 548 1502 matrimonia
568 1443 741 1504 declarant.

5 1573 6 1576 =
100 1533 130 1594 6.
148 1533 290 1610 Denique
319 1534 400 1594 idem
422 1537 643 1597 sanctissimus
670 1552 765 1613 super
786 1536 843 1594 hac
866 1550 900 1592 re
922 1549 1006 1590 com-

5 1693 7 1700 !
54 1627 206 1686 nendavit
226 1627 379 1704 episcopis
402 1631 527 1707 regulas
546 1630 683 1692 traditas
706 1626 909 1691 aBenedicto
931 1624 1007 1684 XIV

53 1717 77 1776 in
86 1720 314 1780 constitutione
327 1721 422 1782 luter
433 1727 624 1801 omuiyeuas
635 1725 697 1784 diei
707 1719 901 1786 2Februarii
913 1717 1004 1788 1744,

53 1815 233 1890 paragraph.
250 1815 282 1885 8,
303 1816 324 1876 9
347 1821 380 1875 et
396 1817 434 1877 10
457 1819 594 1879 Bullarii
616 1819 754 1879 eiusdem
776 1812 953 1884 pontificis,
973 1812 1008 1868 et

52 1905 203 1969 Redditus
225 1908 287 1968 diei
310 1909 349 1968 17
373 1911 567 1987 Septembris
589 1914 667 1975 1746
693 1915 730 1974 ad
755 1914 791 1971 P.
809 1910 967 1970 Simonem
988 1920 1008 1962 a

54 2006 78 2065 S.
102 2003 232 2080 losepho
255 2002 459 2063 Carmelitam
474 2007 696 2067 Excalceatnm
717 2001 951 2065 missionarinm
973 1995 1006 2054 in

5 2161 7 2166 ,
53 2098 173 2175 Belgio,
204 2095 266 2154 iam
295 2094 390 2157 editis
417 2097 450 2155 in
480 2099 694 2174 supplemento
723 2103 798 2159 tom.
822 2097 842 2156 3
869 2088 1007 2154 Bullarii

56 2190 179 2250 eiusdem
210 2188 375 2250 Pontificis
404 2209 490 2251 num.
512 2194 544 2265 3,
567 2198 600 2253 et
622 2194 732 2255 relatis
754 2193 784 2252 in
817 2189 884 2249 eins
912 2200 1006 2263 opere
1106 2199 1109 2206 “

54 2285 81 2342 de
106 2285 227 2362 synodo
250 2284 432 2346 dioecesana
459 2286 516 2345 lib.
540 2288 583 2346 Vi
610 2304 677 2364 cap.
701 2291 721 2347 7
748 2305 833 2347 num.
857 2285 888 2346 5.
913 2284 1006 2342 Item·

52 2395 101 2451 que
121 2378 250 2455 regulas
278 2379 527 2452 commendavit,
554 2399 630 2456 quas
656 2381 841 2458 iampridem
871 2373 1007 2439 tradidit

52 2471 208 2530 catholicis
238 2471 411 2548 anglicanis
436 2473 554 2532 Paulus
581 2473 662 2532 Vin
690 2474 812 2534 litteris
841 2474 873 2533 in
905 2472 1007 2531 forma

51 2565 155 2625 Brevis
176 2564 260 2625 datis
282 2571 348 2624 tam
370 2568 411 2626 X.
434 2566 501 2627 Gal.
527 2567 673 2626 Octobris
699 2568 774 2627 cuni
798 2567 888 2639 1606,
912 2583 1005 2642 quam

51 2658 84 2717 x.
100 2660 166 2720 Gal.
184 2661 380 2735 Septembris
400 2661 473 2720 anni
497 2662 586 2722 1607.
804 2739 807 2747 1

101 2755 145 2813 De
165 2755 340 2830 funeribus
361 2763 392 2813 et
413 2757 589 2830 sepulturis
603 2755 701 2814 tertio
722 2754 793 2814 loco
814 2757 921 2814 actum
943 2758 1003 2826 est,

51 2847 216 2923 exquibus
237 2849 333 2908 etiam
348 2848 453 2924 aliqua
476 2848 645 2908 necessitas
662 2848 745 2908 nasci
768 2848 936 2909 videbatur
958 2848 1006 2906 in-

53 2944 167 3000 trusum
190 2942 346 3014 adeundi,
373 2942 679 3020 communicandique
702 2943 785 3003 forte
816 2961 887 3001 cum
914 2943 1003 3002 eoin

51 3033 170 3094 divinis.
188 3036 263 3096 Cum
286 3035 368 3094 enim
384 3035 598 3096 defunctorum
615 3029 747 3112 corpora
759 3036 840 3096 clam
862 3037 1007 3094 inhuma-

50 3142 79 3183 re
99 3131 164 3186 tam
187 3144 284 3204 grave
306 3127 458 3188 delictum
477 3128 537 3201 sit,
561 3132 597 3187 ut
618 3148 724 3189 omnes
746 3129 812 3189 eius
834 3128 1005 3205 participes

50 3222 161 3280 severis
177 3221 287 3297 poenis
305 3221 490 3297 puniantur,
507 3223 612 3283 omitti
630 3224 716 3283 nullo
733 3226 820 3284 modo
835 3227 941 3301 potest
957 3241 1003 3282 se·

51 3317 133 3390 sutae
154 3315 267 3373 mortis
289 3315 499 3389 denunciatio,
516 3335 577 3392 qua
597 3317 693 3376 semel
715 3318 810 3391 tacte,
834 3337 891 3377 non
916 3335 1004 3394 possa

51 3405 132 3467 aiunt
146 3407 303 3467 intrusum
325 3408 484 3484 impediri,
500 3410 665 3486 quominus
680 3413 815 3471 cadaver
836 3415 926 3472 domo
947 3429 1005 3472 ex·

24 3571 29 3590 ⁸
52 3501 164 3574 trahat,
180 3502 306 3579 eiusque
328 3502 421 3562 sunus
442 3503 568 3564 efficiat.
