2492 4202
433 262 470 275 ..
491 225 552 292 295
574 263 612 276 -
719 231 730 266 x

37 343 182 400 rectores
194 338 395 398 tenebrarum
404 337 515 398 harum
525 337 624 398 modis
636 338 778 398 omnibns
786 333 1004 402 obstitissent?

37 433 123 492 Haec
138 433 244 492 antem
265 447 334 489 cnm
355 431 544 507 legeremus,
559 431 628 493 visa
648 434 734 492 certe
747 431 845 494 Nobis
866 436 940 493 sunt
953 449 1005 493 re·

38 523 151 584 novari
173 523 242 601 ipsa
255 523 413 584 Ecclesiae
432 525 615 603 primordia,
630 543 700 584 cum
722 525 857 600 scilicet,
873 526 934 588 etsi
949 541 1005 586 uo·

38 618 131 678 minis
154 620 225 679 Iesu
246 617 366 680 Christi
380 615 500 680 inimici
521 619 604 680 omni
619 618 652 678 vi
674 619 831 696 apostolos
852 637 1004 681 conaren-

38 717 92 773 tur
113 714 297 784 deterrere,
312 730 351 771 ue
373 712 460 774 ultra
480 712 684 790 loquerentur
705 714 736 774 in
759 714 826 774 eius
846 714 1002 788 Nomine3

37 810 165 876 tamen,
188 803 253 864 illis
275 805 358 864 omni
380 805 430 864 die
452 823 513 864 uon
535 805 727 866 cessantibus
753 805 785 864 in
809 806 948 882 templo,
970 809 1005 866 et

37 899 120 958 circa
143 899 250 958 domos
271 897 392 970 docere,
415 901 449 958 et
468 891 686 976 evangelizare
708 899 867 962 christum
883 901 1002 971 Iesum,

36 990 156 1050 iactum
180 992 247 1064 est,
262 991 299 1049 ut
319 991 419 1068 magis
441 996 612 1068 augeretur
632 992 826 1052 credentium
847 992 878 1052 in
901 983 1005 1052 Domi?

37 1104 73 1144 nc
95 1083 273 1144 multitudo
294 1083 437 1144 virorum
460 1102 495 1146 ae
521 1084 700 1144 mulierum.
728 1086 767 1146 Hi
789 1089 864 1146 sunt
886 1085 1006 1164 praeci·

36 1179 88 1254 poi
109 1174 292 1253 spiritualis
313 1176 420 1253 gaudii
449 1195 573 1251 sensus,
595 1195 672 1255 qnos
694 1197 734 1238 ex
755 1179 819 1239 tuis
845 1178 1002 1252 Litteris,

37 1272 238 1334 Venerabilis
252 1273 379 1348 Frater,
396 1273 601 1351 percepimus;
617 1274 751 1334 maiores
772 1274 868 1334 etiam
889 1271 1004 1334 indies

35 1369 100 1428 Nos
114 1371 300 1444 recepturos
314 1365 499 1426 confidimus
512 1385 550 1426 ex
567 1370 623 1427 tna
637 1365 694 1427 illa
708 1368 897 1441 constantia,
911 1383 1002 1446 quam

37 1471 106 1520 curn
120 1461 155 1520 in
179 1459 372 1520 tristissimis
387 1459 458 1519 aliis
479 1459 608 1520 huiusce
623 1459 801 1520 schismatis
822 1461 913 1521 malis
928 1479 1001 1522 usus

39 1575 80 1626 es,
98 1559 170 1616 tnm
192 1558 278 1614 certe
300 1557 331 1614 te
360 1572 488 1615 usurum
510 1571 585 1631 prae
608 1556 640 1613 te
668 1553 731 1612 fers
753 1553 785 1614 in
808 1555 1003 1616 necessitati·

38 1649 107 1722 bns,
122 1665 162 1708 ac
177 1647 387 1720 incommodis,
399 1664 477 1724 quae
498 1647 634 1706 eiusdem
650 1646 828 1708 schismatis
842 1667 936 1710 causa
951 1665 1005 1726 pa·

39 1742 168 1802 tinutur
191 1739 308 1812 fideles,
326 1743 391 1800 tum
406 1742 550 1818 integrae
572 1744 720 1805 dioecesis
740 1743 1003 1820 Augustodnnen·

39 1835 89 1908 sis,
107 1839 176 1896 tum
200 1833 299 1911 partis
314 1834 462 1894 dioecesis
477 1837 675 1911 senonensis,
690 1855 768 1915 quos
789 1835 927 1914 legitimi
942 1837 1002 1896 Pa·

39 1935 142 1989 stores
165 1927 521 2006 Pseudo-episcoporum
550 1930 744 2008 aggressioni
772 1929 929 2007 expositos
951 1947 1002 1988 re-

39 2023 214 2099 liquerunt.
231 2019 367 2079 istorum
388 2019 526 2079 fidelium
549 2021 660 2083 damna
675 2026 707 2082 te
729 2025 867 2092 movent,
882 2022 919 2080 de
933 2014 1000 2080 illis

39 2115 162 2192 copiose
184 2114 349 2174 admodum
373 2117 405 2172 et
426 2117 572 2174 accurate
594 2117 628 2173 tu
651 2114 778 2174 disseris
800 2113 831 2173 iu
854 2113 912 2174 illa
932 2107 1001 2190 ipsa

43 2206 188 2286 epistola,
204 2207 296 2282 atque
313 2208 348 2265 ut
369 2205 409 2264 iis
423 2207 510 2266 certa
531 2207 734 2280 auctoritate,
751 2208 938 2284 servatoque
953 2205 1002 2264 ia·

39 2303 82 2360 ris
105 2300 219 2360 ordine
233 2315 409 2372 succurras,
425 2301 490 2360 Nos
506 2299 653 2359 consulis:
671 2318 745 2359 num
768 2304 925 2377 tamquam
939 2315 1003 2359 me·

38 2392 197 2470 tropolita
217 2391 330 2450 debeas
351 2391 501 2452 dioecesis
521 2394 815 2470 Augustodunensis
835 2411 854 2453 a
875 2392 1003 2471 proprio

40 2487 186 2565 legitimo
208 2487 340 2546 Pastore
355 2486 525 2546 derelictae
540 2485 680 2562 regimen
695 2503 865 2560 assumer03
882 2491 915 2547 et
929 2502 1002 2546 num

43 2587 205 2657 tamquam
227 2580 341 2655 primas
364 2578 475 2657 possis,
495 2596 530 2638 ac
551 2579 662 2639 debeas
683 2595 839 2639 assumere
862 2578 1002 2655 regimen

41 2673 197 2751 portionis
210 2672 360 2731 dioecesis
382 2671 600 2732 Senoneusisa
622 2672 750 2750 proprio
771 2671 1003 2748 archiepiscopo

39 2766 235 2844 repudiatae.
252 2764 318 2832 Qua
339 2764 462 2841 quidem
484 2765 515 2823 in
538 2783 572 2824 re
598 2764 826 2842 postulationes
848 2766 918 2823 tuas
939 2763 1003 2825 Nos

40 2859 242 2937 praevenisse
256 2860 437 2934 gaudemus,
454 2856 515 2917 iam
538 2860 627 2918 abeo
649 2877 745 2937 usque
764 2861 916 2934 tempore,
932 2871 1002 2916 cum

39 2955 88 3012 die
109 2952 152 3013 26
173 2951 366 3028 Septembris
387 2951 558 3027 superioris
579 2953 652 3013 anni
674 2951 860 3032 apostolicas
882 2949 942 3010 tibi
958 2949 1004 3008 fa·

39 3047 177 3106 cultates
197 3044 435 3123 delegavimus,
459 3046 570 3122 quibus
599 3049 725 3108 uterere
757 3065 813 3126 pro
840 3042 1003 3122 spirituali

40 3139 196 3217 regimine
226 3142 293 3198 tum
321 3138 464 3216 integrae
495 3139 644 3200 dioecesis
670 3137 964 3219 Augustoduueusis
985 3153 1022 3196 a

41 3249 94 3291 suo
117 3231 260 3308 episcopo
281 3247 409 3309 prorsus
431 3231 618 3303 derelictae,
641 3235 708 3291 tum
730 3233 830 3310 partis
854 3229 1003 3290 dioecesis

40 3324 240 3398 Senoneusis,
257 3341 348 3402 quarn
369 3340 533 3401 perperam
554 3343 573 3384 e
593 3325 756 3386 Oonventu
779 3325 932 3386 nationali
955 3323 1004 3385 di·

40 3417 176 3489 salsam,
193 3416 334 3494 aliaeque
349 3416 480 3478 dioecesi
496 3416 685 3478 attributam
705 3433 778 3476 snus
799 3416 1005 3494 archiepisco-

40 3524 97 3586 pus
120 3509 312 3586 repudiavit.
335 3511 453 3570 Harum
475 3505 661 3570 facultatum
683 3509 837 3570 concessio
859 3509 1003 3586 (quarum
