2500 4206
440 251 476 263 -
499 217 558 278 429
578 249 615 261 -

41 333 228 409 culpantur,
242 331 321 406 quod
337 347 397 387 non
414 328 505 400 velit,
519 328 570 386 vel
589 345 647 385 non
667 327 781 388 audeat
795 325 909 402 aliquis
925 341 1013 384 eccu·

43 445 114 487 sare
129 441 194 497 em,
212 423 389 483 Vicecomes
403 421 575 498 requisitus
587 419 624 478 ab
635 420 784 495 Episcopo
799 418 895 478 faciut
907 419 1012 477 iurare

43 517 210 580 duodecim
224 516 340 592 legales
362 513 406 593 (1)
422 516 459 573 de
474 513 610 573 vicineto
622 511 679 590 (2),
696 531 748 571 seu
763 515 800 571 dc
815 511 895 571 villa
907 529 1012 570 coram

42 613 213 690 Episcopo,
238 613 317 687 quod
335 611 503 669 veritatem
516 608 680 667 secundum
693 606 913 666 conscientiam
926 623 1011 665 suam

45 705 307 768 manifestabunt.

107 803 139 859 7.
163 798 279 860 Nullus
293 796 346 873 qui
361 798 397 855 de
413 798 499 872 Rege
512 794 556 872 (3)
572 795 681 852 teneat
694 793 726 850 in
748 793 865 868 capite,
881 811 935 852 nec
956 792 1013 851 ali·

46 895 120 971 quis
135 891 360 952 dominicorum
380 885 600 947 ministrorum
623 885 690 943 eius
712 887 1011 956 excommunicetur,

45 1007 104 1047 nee
117 984 252 1046 alicuius
266 1001 373 1042 eorum
391 984 496 1041 terrae
509 980 564 1040 sub
577 979 748 1039 interdicto
760 984 934 1056 ponantur,
951 979 1012 1038 nisi

47 1082 138 1160 prius
166 1078 307 1138 dominus
328 1079 397 1137 Rex
419 1075 445 1134 si
468 1076 498 1133 in
520 1091 617 1149 regno
638 1073 755 1144 fuerit,
786 1073 1013 1147 conveniatur,

47 1175 101 1234 vel
129 1172 321 1233 iustitierius
336 1170 422 1244 eine,
445 1169 470 1227 si
494 1167 591 1226 luerit
617 1169 711 1227 extra
735 1183 884 1243 regnum,
908 1171 944 1226 ut
965 1185 1015 1227 re·

48 1272 135 1328 etum
154 1266 197 1344 (4)
214 1269 250 1325 de
265 1281 301 1323 eo
316 1263 423 1336 faciat,
438 1265 472 1321 et
493 1261 539 1320 ite
561 1264 596 1319 ut
609 1262 687 1337 quod
703 1260 882 1336 pertinebat
904 1261 941 1319 ad
964 1279 1016 1320 ou·

48 1361 130 1421 riam
151 1359 284 1435 regiam,
300 1356 344 1414 ibi
365 1355 572 1423 terminetur,
596 1356 629 1412 et
650 1355 730 1430 quod
753 1355 875 1428 spectat
895 1354 933 1412 ad
954 1354 1015 1412 Gu-

49 1455 131 1515 riam
154 1450 417 1520 ecclesiasticam,
434 1448 470 1507 ad
493 1447 631 1507 eamdem
653 1446 826 1518 mittatur,
844 1449 879 1505 ut
899 1447 1014 1505 ibidem

51 1551 254 1611 terminetur.

112 1644 141 1702 8.
153 1645 195 1702 De
208 1639 471 1726 appellationibus
482 1639 509 1697 si
521 1638 719 1711 emerserint,
733 1639 772 1697 ab
786 1637 1016 1697 Archidiacono

50 1737 166 1796 debent
180 1735 346 1810 procedere
371 1735 408 1793 ed
431 1732 637 1808 Episcopum,
658 1731 696 1790 ab
717 1730 869 1807 Episcopo
894 1732 931 1790 ad
953 1733 1016 1790 Ar-

51 1829 299 1906 ehiepisoopum,
315 1827 348 1884 et
368 1826 395 1884 si
409 1824 668 1901 Archiepiscopus
685 1824 823 1884 defuerit
836 1825 867 1882 in
891 1823 1016 1884 iustitia

51 1922 243 1990 exhibenda,
259 1919 297 1978 ad
314 1917 471 1977 dominum
491 1919 608 1993 Regem
631 1915 873 1993 perveniendum
894 1920 944 1976 est
964 1935 1017 1992 po·

52 2019 182 2088 stremo,
199 2016 235 2073 ut
248 2014 414 2090 praecepto
429 2010 527 2088 ipsius
542 2011 572 2068 in
589 2010 684 2070 Curia
695 2011 930 2088 Archiepiscopi
944 2029 1016 2070 con-

52 2107 212 2171 troversie
236 2106 444 2179 terminetur3
474 2104 521 2166 ita
555 2105 635 2181 quod
665 2122 725 2163 non
747 2105 860 2166 debeat
881 2106 1017 2165 ulterius

53 2202 178 2281 procedi
200 2201 314 2277 absque
336 2215 463 2258 assensu
485 2195 601 2256 domini
615 2197 723 2273 Regis.

112 2298 143 2357 9.
157 2295 191 2356 Si
204 2291 411 2370 celumniu(5)
420 2291 586 2352 emerserit
597 2289 682 2350 inter
690 2289 837 2350 clericum
847 2292 1015 2362 etleieum,

54 2394 106 2453 vel
117 2409 134 2452 e
145 2407 294 2451 converso
307 2390 343 2447 de
356 2388 420 2449 ullo
443 2388 631 2459 tenemento,
646 2387 725 2462 quod
738 2386 872 2446 clericus
886 2388 966 2448 velit
978 2388 1017 2447 ad

54 2480 530 2561 eleemosynam(6)trehere,vel
543 2478 642 2539 laicus
653 2478 692 2537 ad
703 2479 815 2539 laicum
826 2479 870 2559 (7)
878 2480 1016 2554 feudum3

117 2623 151 2678 (1)
169 2618 279 2680 Leqolia
290 2642 307 2656 -
317 2619 467 2677 Legitimus,
478 2619 551 2666 iuxta
562 2617 639 2675 leges.
653 2618 701 2675 Qui
711 2619 780 2664 stare
790 2606 842 2664 iuri
851 2617 958 2665 idoneus
967 2621 1015 2665 est.

115 2702 151 2756 (2)
168 2701 198 2745 in
207 2698 335 2746 Matthaeo
346 2696 472 2743 Periclen.
484 2696 540 2742 erat
551 2693 669 2753 insuere·
679 2707 754 2752 quam
766 2707 855 2742 vocem
872 2696 900 2741 in
916 2696 1019 2742 varian-

53 2777 122 2823 tibus
131 2774 283 2822 lectionibus
300 2771 332 2820 ad
349 2771 445 2819 calcem
456 2771 539 2829 operis
554 2771 638 2828 legere
655 2783 785 2817 monemur
801 2767 904 2817 visneto
921 2771 964 2818 vel
980 2769 1018 2817 vi-

56 2850 143 2899 cineto
153 2864 199 2909 pro
208 2846 318 2908 vicinio,
330 2859 361 2894 ex
370 2861 421 2906 qua
431 2845 563 2893 duodecim
574 2847 700 2894 imatores
711 2847 739 2893 ln
750 2846 840 2893 assisis
849 2846 1016 2904 eligebantur.

56 2931 106 2979 (Ita
122 2924 212 2973 David
234 2922 348 2972 Willciua
365 2921 395 2970 in
416 2919 520 2970 Uoucii.
541 2919 659 2982 Mopnoe
679 2921 811 2970 Brituun.
824 2927 847 2969 et
858 2920 1018 2969 Hiberniae.

55 3001 177 3053 Londiu.
189 3000 251 3049 1737
261 3001 314 3048 col.
329 2999 354 3050 I.
363 3014 430 3063 pop.
442 2995 489 3045 435
501 3002 570 3052 not.)

118 3081 152 3134 (3)
170 3078 212 3127 De
224 3077 297 3138 Repe
309 3083 397 3125 tenere
409 3075 437 3124 in
448 3073 536 3137 cupite
546 3077 624 3122 -Abs
641 3079 708 3134 Rege
724 3079 810 3124 tenere
827 3075 931 3124 feudum
947 3077 1018 3124 nullo

57 3156 147 3203 medio.

120 3231 153 3285 (4)
172 3228 282 3276 Rectum
291 3227 412 3291 fucere·
422 3231 465 3275 lus
482 3227 596 3274 reddere.

119 3309 153 3361 (t)
174 3304 321 3353 Uolumnio
333 3307 433 3354 -llctio
450 3307 478 3352 ln
495 3307 559 3352 iure.

119 3385 154 3437 (6)
164 3380 363 3445 Eleemosyno-
370 3381 541 3430 Ecclesiamm
552 3379 726 3438 possessiones
738 3391 783 3426 seu
792 3381 944 3436 tenementa,
954 3391 1019 3438 quse

59 3457 230 3506 conceduntur
245 3471 291 3517 per
306 3458 470 3506 donationem
486 3456 617 3503 Ecclesiis.

121 3536 155 3589 (7)
172 3530 294 3582 Fructum
306 3531 405 3581 laicum
415 3555 432 3570 ·
442 3532 514 3590 Quod
524 3545 576 3580 non
591 3531 693 3579 tenetur
709 3531 739 3579 de
756 3532 871 3592 ecclesie,
883 3531 927 3579 sed
936 3533 975 3580 est
988 3531 1019 3578 de
