2456 4192
34 314 219 385 secandum,
242 311 282 377 ad
313 311 469 373 rationem
499 314 651 374 reducent
682 313 811 393 populos
837 313 989 392 exemplis

34 421 96 464 cnm
110 403 270 464 virtutum
285 421 413 466 suarum
426 412 460 468 et
473 406 653 482 charitatis,
668 409 735 468 tum
751 410 786 468 et
795 405 990 468 constantiae

34 518 65 560 ec
83 499 297 561 fortitudinis.
312 499 389 561 (ium
412 501 477 562 illis
492 502 612 564 arctius
625 502 798 575 coniuncti,
812 501 913 564 multo
926 500 991 562 ior·

35 597 109 654 tasse
129 592 293 654 faciliores
313 594 505 672 reperiemus
526 599 560 657 et
580 597 617 656 ad
639 594 837 657 restituenda
851 599 992 675 praeter·

35 685 91 759 ils,
111 689 201 750 etad
225 685 337 748 futura
357 691 443 749 recte
463 687 714 750 constabiliendo
740 687 892 750 rationes.
909 689 990 750 Fra·

42 783 94 842 tres
113 780 227 844 Nostri
249 785 324 842 sunt
348 783 511 861 Episcopi3
535 782 666 844 consilia
693 783 796 862 igitur
821 783 989 845 Nobiscum
1068 787 1073 812 ⁴

42 875 130 946 inire,
149 875 188 935 ad
210 874 336 955 Nosque
357 876 390 938 in
413 877 512 938 tantia
532 894 658 939 suarum
680 895 805 963 rerum,
820 896 857 940 ac
870 881 991 956 tempo·

41 988 98 1030 rum
119 969 277 1047 augustiis
297 969 465 1049 confugere
487 989 545 1031 uon
563 972 747 1033 vereantur.

89 1063 122 1124 In
137 1064 220 1124 buno
234 1061 339 1139 potius
352 1065 477 1124 modum
493 1063 628 1141 regenda
641 1063 739 1128 Nobis
757 1080 807 1125 res
821 1068 881 1136 est,
896 1081 989 1142 quam

41 1155 114 1216 ullae
140 1153 336 1216 adhibendae
362 1155 589 1232 provisioualcs
619 1155 807 1231 facultates,
831 1175 887 1236 per
914 1173 990 1235 quas

39 1250 108 1310 sutis
123 1250 189 1310 crit
208 1247 327 1310 iactum
347 1248 481 1321 nemini,
497 1253 668 1328 ooutraque
689 1249 820 1330 patefiet
833 1249 939 1313 aditus
951 1252 988 1312 ad

40 1349 116 1406 certo
135 1344 377 1405 subvertendam
398 1343 579 1406 Oatbolioae
600 1343 758 1406 Ecclesiae
774 1345 989 1424 Disciplinam,

42 1437 265 1511 Hierarobiam,
288 1437 557 1512 iurisdictionem
579 1437 652 1500 dum
673 1439 775 1501 adbuo
795 1439 892 1500 Deum
916 1455 991 1500 oon-

45 1547 191 1592 semorum
213 1547 282 1592 esse
309 1532 419 1604 corda,
443 1535 623 1610 mentesque
647 1532 909 1594 collustraturum
932 1533 990 1594 mi·

51 1623 119 1684 nine
135 1626 177 1687 sit
195 1625 435 1703 desperandum.

96 1719 126 1778 Si
141 1722 223 1780 Deus
245 1719 312 1796 ipse
327 1722 399 1796 post
412 1718 674 1780 consultationem
689 1736 758 1780 oum
774 1735 887 1796 magne
900 1720 990 1781 Sacri

45 1811 158 1892 Collegii
180 1818 273 1892 purte
293 1813 453 1887 habitam,
475 1812 575 1876 Nobis
595 1812 627 1872 in
649 1811 787 1874 animum
809 1813 989 1884 immiserit,

44 1907 107 1981 quod
127 1909 161 1966 et
181 1905 291 1968 efficax
311 1925 396 1977 esse,
412 1911 447 1968 et
458 1924 533 1968 suae
547 1903 720 1984 sapientiae
733 1905 930 1968 consentiens
947 1906 992 1966 vi-

45 2001 157 2073 deatur,
173 1999 253 2061 illud
276 2000 341 2063 Nos
361 1999 555 2078 perlibenter
571 1997 805 2072 adhibebimus,
820 2000 992 2060 eommuni-

46 2095 101 2153 outo
119 2096 225 2154 tamen
248 2092 336 2171 prius
356 2091 486 2154 consilio
506 2110 578 2153 cum
600 2092 669 2152 'lua
689 2089 791 2169 Regia
810 2091 989 2164 Maiestates

45 2185 84 2244 cui
101 2184 246 2257 interim,
264 2187 301 2246 ut
322 2187 356 2245 et
376 2183 543 2244 universae
560 2186 723 2261 Augustae
736 2184 890 2246 Familiae
904 2186 989 2246 roae

43 2283 192 2355 paternam
202 2281 237 2339 et
246 2278 462 2356 Apostolioam
477 2277 730 2338 Benedictionem
741 2295 781 2339 ex
795 2277 907 2340 intimo
921 2297 992 2340 oor·

42 2373 71 2432 de
88 2374 302 2450 depromptam
321 2369 537 2432 amantissime
557 2372 770 2450 impertimur.

91 2467 201 2527 Datum
216 2468 333 2528 Romae
345 2467 426 2543 apud
445 2465 593 2526 Sanctam
606 2467 740 2528 Mariam
755 2467 918 2538 Maiorem,
933 2466 991 2528 sub

46 2559 151 2620 innulo
173 2559 365 2633 Piscatoris,
386 2558 438 2618 die
465 2559 568 2620 XXll.
594 2559 788 2637 Septembris
815 2561 987 2622 MDcoxc.

49 2648 235 2713 Pontificatus
256 2653 368 2714 Nostri
389 2655 480 2712 Anno
499 2652 587 2713 xv1.

601 2830 796 2894 Benedictus
814 2830 907 2908 Stuy.
