2456 4192
632 254 790 315 ..24-

674 390 743 446 Vl.

541 505 736 553 vsuaaaamr
756 509 878 554 raanan

415 624 663 688 lOANNI
704 625 1061 688 uuouulo‘

444 755 520 818 Iam
532 757 782 836 Arcticpnoopo
800 760 979 822 Viennensi

517 900 636 985 PIUS
664 902 805 982 PAPA
830 903 897 981 VI.

341 1063 428 1121 von.
450 1063 589 1135 unser,
611 1065 763 1124 sautem
784 1067 820 1123 st
839 1038 1080 1135 apostolicam

561 1163 858 1236 Benediotlonem.

289 1294 444 1356 Recentia
457 1298 591 1356 Decreta
613 1295 706 1356 istius
719 1297 900 1357 Conventus
913 1294 1097 1357 Nationalis
1112 1296 1207 1357 circa

229 1404 280 1448 ras
304 1388 541 1449 Ecclesiasticus
562 1407 669 1466 parem
691 1407 766 1466 prae
782 1408 814 1450 se
831 1388 941 1449 ferunt
960 1407 1031 1448 cnm
1051 1390 1206 1464 erroris,

229 1483 297 1541 tum
319 1481 480 1543 nullitatis
501 1485 734 1544 characterem:
757 1484 878 1544 erroris
899 1482 1033 1557 scilicet,
1049 1483 1127 1560 quia
1143 1484 1208 1546 fal-

229 1594 295 1636 sam
316 1577 480 1638 continent
500 1577 700 1652 doetrinam3
724 1578 884 1640 nullitatis
904 1595 1002 1650 vero,
1024 1577 1100 1654 quia
1128 1595 1209 1655 pro·

229 1669 378 1731 nuntiata
398 1676 471 1733 sunt
491 1672 530 1731 ab
551 1673 775 1750 incompetenti
797 1673 1001 1733 anctoritate.
1018 1672 1131 1739 Qualis
1157 1674 1208 1739 id-

230 1764 314 1824 circo
328 1764 438 1826 Nostri
460 1765 503 1826 sit
523 1766 620 1825 animi
634 1766 815 1844 aegritudo,
831 1784 984 1844 quamque
998 1764 1133 1826 intimus
1150 1768 1207 1826 do-

229 1857 293 1932 lor,
314 1875 371 1934 per
392 1861 437 1919 Te
458 1859 573 1936 ipsum,
589 1860 669 1919 Ven.
684 1861 812 1933 Frater,
828 1858 955 1919 facilius
976 1858 1125 1936 consequi
1150 1878 1207 1919 co-

230 1949 359 2027 gitando
379 1955 479 2029 potes,
493 1972 585 2030 quam
600 1955 665 2016 Nos
681 1953 757 2014 ullis
771 1953 843 2013 Tibi
859 1952 967 2013 verbis
979 1970 1153 2029 exponere.

291 2044 351 2103 Sed
372 2047 490 2121 quanto
512 2046 729 2107 inconsolabili
753 2046 893 2124 oppressi
914 2063 1030 2123 angore
1045 2063 1203 2121 essemus,

230 2134 258 2195 ai
278 2135 566 2198 christianissimus
587 2142 657 2200 Rex
678 2139 718 2199 iis
735 2139 873 2200 decretis
894 2158 983 2200 suam
1008 2139 1207 2218 adiungeret

230 2227 442 2290 sanctionem!
464 2231 514 2291 Ex
533 2250 594 2308 qua
617 2233 725 2310 regiae
745 2233 948 2293 auctoritatis
974 2231 1100 2292 actione
1122 2234 1205 2310 quid

230 2322 316 2383 aliud
339 2325 495 2400 prodiret,
510 2343 603 2403 qnam
624 2326 768 2399 schisma,
784 2343 841 2402 per
854 2327 936 2404 quod
955 2325 1056 2386 omnis
1075 2325 1205 2386 abscin-

230 2415 360 2475 deretur
374 2417 613 2478 communicatio
628 2418 722 2478 istius
735 2417 911 2480 Galliarum
927 2417 1029 2495 Regni
1043 2435 1116 2476 cum
1132 2420 1206 2479 uni-

230 2506 308 2567 tatis
329 2509 468 2583 Oentro,
491 2512 572 2588 qnod
600 2512 633 2572 in
656 2513 717 2574 hac
736 2511 920 2589 Apostolica
940 2512 1020 2570 Sede
1041 2509 1204 2572 divinitus

230 2604 280 2661 est
300 2602 536 2664 coustitutuml
562 2605 620 2664 llle
650 2608 720 2666 Rex
747 2605 873 2682 igitur,
896 2598 1035 2682 quitum
1057 2603 1203 2680 glorioso

229 2694 494 2757 Ohristianissimi
514 2700 642 2758 nomine
659 2698 867 2776 compellatus
889 2699 950 2772 est,
965 2697 1203 2772 schismaticus,

230 2789 310 2866 proh
333 2789 433 2850 dolori
457 2791 619 2864 evaderet,
642 2789 894 2868 schismaticique
923 2807 1031 2851 omnes
1051 2790 1205 2869 Episcopi

231 2887 337 2943 essent
356 2885 395 2943 ad
416 2883 645 2961 praescriptam
666 2904 685 2945 a
704 2883 867 2947 Nationali
887 2884 1051 2945 Oonventu
1064 2880 1205 2944 formam

231 2977 345 3051 electi,
367 2978 493 3055 Nosque
514 2978 574 3055 ipsi
597 2981 777 3038 teneremur
798 2977 921 3036 eosdem
941 2995 961 3036 a
982 2976 1205 3037 communione

231 3069 389 3130 Fidelium
418 3071 562 3131 exclusos
591 3071 762 3132 declarare.
791 3068 990 3130 Incredibilis
1022 3072 1090 3129 tum
1118 3068 1206 3131 foret

231 3163 344 3225 Nostri
367 3164 469 3224 cordis
488 3165 658 3243 angustia,
681 3164 713 3223 in
743 3165 800 3224 hoc
827 3163 1019 3224 Pontificatu
1041 3164 1205 3240 perditum

233 3258 341 3318 videre
364 3260 489 3318 tontum
511 3263 637 3337 tamque
659 3262 824 3318 extensum
844 3260 1001 3336 Regnum,
1017 3276 1054 3317 ac
1075 3259 1146 3319 tam
1172 3261 1206 3319 de

231 3351 374 3414 Ecclesia
395 3352 665 3426 benemeritam,
687 3351 798 3411 ridere
825 3351 1061 3411 Incredulorum
1084 3353 1124 3411 de
1147 3353 1206 3413 illa

233 3447 449 3524 triumphum,
471 3446 525 3524 qni
546 3445 663 3507 iamin
685 3463 733 3520 eo,
750 3445 829 3522 qnod
850 3448 1038 3505 recnaarunt
1058 3445 1205 3506 Catholi-

232 3557 300 3602 cam
322 3540 520 3618 Religionem
542 3538 755 3600 dominantem
775 3538 961 3613 declarare,
978 3538 1058 3598 illud
1080 3539 1221 3619 perspi-p
