2364 4198
198 324 348 386 militaris
370 323 566 398 extorsit3ri
587 323 722 386 militari
744 324 861 386 fectum
883 335 949 398 est,
962 328 999 384 nt
1013 342 1166 384 commen·

198 417 274 478 titia
294 416 391 478 istaec
412 417 524 478 electio
546 419 695 478 ederetur
716 416 747 476 in
769 417 896 496 vulgus,
919 417 1017 478 iustis
1041 419 1168 496 posthu-

199 511 275 572 bitis
304 511 532 573 (turonicorum
565 511 866 588 protestationibus,
888 527 967 588 quae
999 511 1167 588 profanum

199 608 303 666 actum
325 607 579 678 auteoesseruut,
601 609 636 666 ct
655 607 839 665 consecutae
859 608 952 676 sunt,
977 605 1011 664 vi
1035 604 1167 682 deniqne

200 699 336 760 militari
348 702 477 777 accepta
488 699 602 760 referri
617 699 709 759 debet
730 699 826 759 electi
839 699 907 776 ipsu
920 698 1168 776 possessio.an

199 790 305 868 itaque
320 792 488 852 convenire
502 796 645 870 possunt,
661 810 739 868 qnae
755 810 777 852 a
789 790 913 869 synodo
925 793 1167 852 Aleuandrina

198 883 231 944 iu
253 885 387 961 epistola
407 885 451 945 ad
466 884 644 963 Episcopus
660 885 825 947 Ecclesiae
844 885 1028 946 catholicae
1051 887 1167 964 scriptu

200 981 283 1050 sunt,
307 996 379 1039 oum
398 977 433 1039 S.
450 977 658 1039 Athanasius
677 998 694 1038 c
716 983 773 1040 sua
793 980 864 1038 sede
885 979 949 1038 luit
970 979 1127 1040 deiectus
1143 983 1165 1040 in

199 1073 404 1135 conciliabulo
417 1074 509 1153 Tyri,
518 1077 573 1136 cui
581 1073 689 1135 Comes
696 1075 873 1151 praesedit,
883 1077 939 1136 ubi
947 1073 1063 1136 Comes
1075 1080 1165 1137 verbu

198 1169 352 1245 faciebat,
368 1170 467 1230 ceteri
483 1176 673 1245 praesentes
697 1170 733 1228 in
754 1171 886 1230 silentio
907 1177 1016 1241 erant,
1035 1173 1095 1232 vel
1121 1190 1164 1247 pe

201 1264 266 1321 tius
278 1260 396 1322 Conciti
407 1263 592 1339 obsequium
602 1277 697 1320 suum
708 1263 1001 1333 acaomnucdabant,
1013 1265 1081 1324 ubi
1092 1264 1164 1342 qnod

199 1357 414 1417 communiter
435 1356 590 1432 episcopis
607 1357 750 1430 placuit,
775 1356 813 1415 ab
835 1356 891 1416 illo
913 1357 1156 1432 impediebatis,

200 1451 256 1510 ille
284 1450 421 1525 imperto
449 1451 620 1520 utebatur,
643 1465 702 1508 nos
723 1465 745 1508 a
765 1449 926 1510 militibus
953 1449 1158 1510 ducebamur.

199 1540 323 1618 Optime
338 1543 476 1619 synodus
497 1540 668 1602 affirmavit
688 1541 895 1602 deiectionem
917 1541 1108 1602 huiusmodi
1126 1546 1162 1602 he

198 1635 330 1696 bendum
352 1653 419 1696 csse
440 1639 599 1712 tamqnam
620 1638 789 1712 nepotiane
810 1637 1078 1711 imperatorium,
1110 1656 1163 1697 non

198 1728 354 1805 synodale
375 1727 431 1807 (1).
447 1729 553 1804 Aeque
575 1728 779 1800 conveniunt,
801 1745 879 1805 quae
893 1747 912 1788 a
926 1727 959 1788 S.
970 1727 1064 1789 Iulio
1090 1733 1162 1790 dictu

199 1827 284 1895 sunt,
301 1822 353 1883 ubi
374 1821 405 1882 iu
429 1823 532 1882 locum
553 1822 693 1882 eiusdem
711 1823 881 1882 Athanasii
896 1821 1100 1885 suffecerunt
1114 1823 1163 1901 epi·

199 1916 284 1993 scopi
305 1915 418 1977 Ariani
443 1916 619 1993 Georpium
640 1915 903 1992 depeculatorem,
925 1934 1061 1992 eumque
1087 1917 1162 1976 mili-

199 2010 263 2070 tari
284 2028 377 2071 manu
405 2009 557 2086 stipatum
579 2009 803 2069 Alexandriam
834 2008 1000 2069 miseruut.
1030 2010 1161 2088 Egregie

199 2101 397 2164 &Pontifex
417 2102 587 2175 scribebat,
611 2104 786 2179 Geor-pium
807 2102 839 2160 in
855 2102 1029 2164 Ecclesiam
1045 2104 1161 2181 ingres·

199 2213 266 2258 sum
281 2195 389 2270 luisse,
401 2213 470 2256 non
481 2213 553 2257 cant
563 2197 771 2273 presbyteris,
789 2203 820 2256 ct
841 2196 991 2256 diaconis
1003 2199 1157 2267 ciuitatis,

199 2291 346 2352 sedeam
365 2289 581 2353 militibus...
606 2289 727 2350 Dilecti
750 2291 886 2361 credite,
908 2297 1087 2367 tamquam
1108 2291 1157 2351 lla

197 2392 368 2460 praesente
381 2400 454 2446 eum
471 2385 609 2444 veritate
625 2386 801 2461 loquimur,
811 2402 880 2444 non
893 2393 940 2444 est
953 2385 1041 2444 illud
1049 2389 1108 2462 pie
1120 2389 1155 2462 so
1180 2399 1181 2454 t

199 2485 296 2550 ctam,
318 2496 387 2540 non
406 2495 449 2540 ea
470 2481 550 2549 iare,
573 2495 641 2537 non
662 2479 873 2538 ecclesiastice
886 2476 943 2554 (2).

257 2574 424 2634 Declarata
443 2571 608 2632 electionis
624 2570 766 2642 nullitas,
779 2570 961 2632 nullitatem
976 2589 1083 2632 secum
1106 2574 1157 2632 lert

199 2665 336 2726 omnium
350 2669 476 2726 actuum
492 2681 553 2742 per
565 2664 758 2726 Malierium
778 2666 818 2724 in
836 2667 981 2726 introita
1003 2671 1155 2743 gestorum

199 2760 265 2822 sine
287 2759 505 2820 iurisdictione
533 2761 645 2828 contra
671 2762 810 2819 rectores
837 2757 1023 2832 seminarii,
1052 2763 1156 2819 contre

198 2854 309 2932 probos
330 2857 495 2930 pastores,
525 2852 635 2910 contra
664 2849 830 2928 religiosos
852 2851 1078 2930 presbyteros,
1101 2869 1153 2910 uon

199 2946 263 3009 alie
284 2947 321 3006 de
343 2963 437 3010 cansa
458 2943 522 3004 suis
544 2943 652 3004 officiis
673 2948 804 3017 exutos,
828 2943 889 3008 uisi
910 2945 984 3021 quia
1008 2945 1157 3005 insiurun·

199 3043 271 3102 dnm
288 3042 381 3100 edere
397 3041 573 3100 renuerunt
595 3039 631 3098 dc
646 3038 879 3099 Constitutione
894 3056 1025 3116 prorsus
1039 3039 1158 3098 caatho-
1179 3107 1180 3112 γ

199 3134 261 3196 lica
282 3134 446 3196 movenda.
469 3132 620 3210 Apposite
641 3133 678 3192 ad
702 3150 767 3191 rem
791 3135 930 3193 nostram
945 3135 1046 3194 denuo
1059 3130 1093 3190 S.
1108 3129 1155 3190 lu·
1179 3127 1180 3136 ’

201 3318 205 3330 ·
262 3299 296 3353 (1)
315 3299 341 3344 s.
354 3297 480 3344 Athenas.
493 3295 599 3354 Apolog.
610 3298 643 3352 11,
655 3309 700 3354 pro
708 3295 771 3354 lugu
783 3308 839 3342 sus:
852 3307 921 3354 oper.
934 3307 1000 3342 omn.
1012 3295 1053 3342 cit.
1063 3294 1124 3339 tom.
1137 3294 1151 3341 1.

198 3385 257 3435 pag.
271 3373 326 3421 728.
338 3369 378 3420 lit.
390 3375 421 3430 I),
432 3375 458 3420 et
474 3386 499 3431 p.
511 3373 557 3420 'lto
573 3371 612 3419 lit.
625 3373 652 3421 0.

263 3450 298 3504 (i)
315 3447 491 3507 nuntronio
507 3449 556 3494 etc.
579 3447 719 3505 cauasque
735 3457 831 3503 eornm,
850 3447 939 3505 quiex
954 3442 1085 3493 numnis
1101 3442 1154 3490 ucri

204 3525 319 3587 parunt:
330 3523 380 3574 lon.
392 3524 436 3572 ott.
446 3535 504 3584 pat.
517 3524 573 3572 ula.
584 3523 625 3572 lit.
637 3524 702 3581 eset
711 3535 770 3583 pst.
779 3523 837 3572 rte.
855 3521 894 3570 nt.
906 3525 938 3579 Δ,
949 3523 978 3570 B.
