2386 4194
597 219 777 279 -122-

206 326 382 399 hortamur,
398 327 434 386 ad
451 328 634 388 servandam
647 326 730 386 omni
745 323 922 384 animorum
944 321 1074 382 fervore
1089 319 1172 378 inter

206 419 270 478 Vos
292 409 373 496 ipso's
394 420 600 490 concordiam,
625 423 660 480 ut
680 419 854 479 coniunctis
876 418 1001 490 studiis,
1024 433 1128 494 opera
1143 418 1172 472 et

204 511 357 583 consiliis,
375 530 435 570 uno
457 513 571 589 spiritu
593 514 632 574 ab
646 513 768 573 insidiis
783 517 816 574 et
830 513 994 574 conatibus
1017 525 1173 570 novorum

205 603 435 681 legislatorum,
459 609 644 668 catholicam
665 607 863 686 Religionem
885 607 982 680 tueri,
998 609 1064 666 Deo
1084 604 1174 664 adiu·

205 699 313 771 vante,
337 699 481 759 valeatis.
499 703 542 761 Ut
562 701 645 760 enim
666 703 703 762 ad
726 703 830 762 locum
844 699 1038 761 adversariis
1051 697 1175 776 patefa-

205 791 347 850 ciendum
369 791 449 851 nihil
470 792 575 869 aptius
597 811 663 853 esse
678 798 792 870 posset,
808 811 901 871 qnam
916 794 1097 854 animorum
1116 792 1175 850 Ve-

204 887 343 944 strorum
356 885 441 944 inter
462 904 494 944 se
515 885 734 946 dissidentium
756 887 938 960 disiunctio,
955 887 1002 946 sic
1016 888 1057 947 ad
1074 888 1174 944 inter·

205 982 370 1043 eludendos
384 983 450 1043 illis
471 1002 577 1043 omnes
590 985 705 1055 aditus,
722 1002 887 1061 omnesque
902 982 1094 1042 evertendas
1112 999 1174 1039 mo·

205 1075 348 1146 litioneS,
373 1074 453 1135 nihil
481 1076 669 1148 eoncordia,
692 1079 940 1153 Vestrarumque
968 1075 1172 1135 voluntatum

205 1169 406 1228 consensione
433 1169 639 1246 opportunius
672 1174 738 1240 est,
771 1175 865 1245 etque
895 1167 1064 1228 efficacius.
1080 1167 1170 1226 Hisce

204 1262 303 1323 ferme
318 1263 423 1322 verbis
438 1265 471 1322 S.
488 1263 564 1323 Pius
585 1264 625 1334 V,
640 1264 864 1324 Praedec'essor
878 1264 995 1323 Noster
1014 1260 1170 1321 excitavit

205 1355 397 1433 Capitulum,
420 1359 455 1415 et
474 1355 645 1416 Canonicos
667 1355 825 1416 Ecclesiae
840 1356 1023 1416 Bisuntiuae
1046 1353 1167 1434 (1)‚qu'

205 1450 237 1508 in
249 1448 367 1508 similia
379 1453 520 1526 tempora
533 1449 721 1509 inciderant.
735 1449 828 1510 Furti
843 1448 944 1526 igitur
958 1467 994 1508 ae
1009 1449 1164 1511 constanti

117 1601 120 1616 ,
205 1540 309 1602 animo
331 1545 443 1610 estote,
457 1559 513 1600 uec
534 1540 671 1601 ullorum
686 1541 899 1618 periculorum
912 1541 1167 1612 denunciatione,

206 1639 263 1698 aut
290 1635 383 1695 minis
411 1636 450 1696 ab
482 1635 606 1714 incepto
634 1637 794 1708 desistite,
817 1655 853 1696 ae
879 1636 1120 1711 recordamini,
1143 1641 1170 1696 ut

116 1795 117 1798 ,
205 1729 304 1790 David
319 1728 475 1806 impavide
490 1731 654 1807 respondit
668 1730 803 1807 giganti,
819 1729 999 1791 Machabaei
1015 1729 1170 1807 intrepide

205 1822 381 1896 Antioch03
405 1824 449 1882 sic
478 1824 615 1883 Basilius
636 1823 787 1896 Valenti,
810 1823 955 1884 Hilarius
974 1824 1169 1894 Constantio,

206 1919 261 1977 Ivo
282 1917 485 1978 Oarnoteusis
505 1917 651 1993 Philippo
672 1917 764 1994 Regi.
781 1919 859 1990 Iam,
881 1918 960 1994 quod
982 1918 1168 1978 Nostrarum

207 2015 256 2070 est
276 2011 428 2088 partium,
445 2009 584 2086 publicas
605 2027 713 2086 preces
728 2011 960 2084 renovavimus3
977 2012 1105 2070 hortati
1122 2015 1171 2072 Re·

207 2123 275 2182 gem
298 2123 421 2177 snmus,
445 2123 483 2162 ne
504 2123 589 2163 suam
612 2103 713 2163 vellet
733 2104 936 2180 interponere
965 2104 1167 2172 sanctionem,

207 2203 284 2258 duos
300 2198 569 2275 Archiepiscopos‚
585 2201 638 2274 qui
659 2197 761 2257 eidem
783 2199 917 2258 aderant
937 2198 1029 2274 Regi,
1046 2196 1168 2274 quidet

207 2291 254 2351 eis
275 2292 430 2376 agendum
452 2292 547 2362 esset,
563 2290 749 2363 monuimus;
766 2294 861 2366 utque
883 2307 1062 2364 exarmare,
1078 2309 1167 2368 quan·

207 2387 274 2442 tum
286 2384 319 2442 in
330 2385 359 2444 N
362 2383 428 2442 obis
438 2383 796 2458 erat,remissioremque
808 2385 939 2443 reddere
951 2383 1057 2444 Tertii
1067 2384 1167 2452 istius,

206 2493 298 2552 quem
320 2476 481 2552 appellant
501 2477 623 2548 Status,
639 2475 775 2534 furorem
798 2493 969 2553 possemus,
992 2478 1167 2538 exactiones

206 2569 280 2629 illas
303 2569 447 2646 suspendi
469 2569 598 2628 interim
619 2568 768 2628 iussimus
791 2569 1002 2642 tereticam,
1026 2588 1089 2647 pro
1103 2569 1169 2630 Gel-

207 2662 277 2723 licis
298 2663 561 2740 expeditionibus,
584 2680 623 2722 ex
644 2663 789 2739 pristinis
809 2664 1091 2737 conventionibus,
1106 2680 1169 2740 per-

206 2764 362 2836 petuaque
383 2756 608 2817 consuetudine
635 2757 762 2819 Nostris
783 2757 890 2817 officiis
915 2758 1113 2818 debitarum:
1134 2771 1168 2816 cr

206 2871 267 2930 qua
290 2852 483 2912 liberalitate
505 2855 613 2910 nostra
633 2850 712 2910 illud
735 2867 793 2926 per
821 2849 1072 2926 ingratissimam
1091 2867 1168 2908 com·

206 2947 421 3024 pausationem
443 2944 624 3016 retulimus,
649 2945 684 3003 ut
705 2943 877 3004 excitatam
899 2947 993 3020 atque
1014 2947 1168 3004 auctame

207 3041 368 3101 nonnullis
389 3057 428 3100 ex
449 3042 612 3102 Conventu
638 3040 906 3100 Avenionensium
932 3040 971 3099 ab
992 3040 1167 3117 Apostolice

208 3136 286 3194 Sede
301 3134 502 3194 rebellionem
518 3135 703 3205 doleremus,
718 3151 737 3194 a
750 3151 811 3209 que
825 3135 855 3195 N
859 3151 903 3204 oe,
917 3136 1084 3208 sancteque
1094 3133 1167 3191 haec

208 3229 301 3288 Sedes
323 3227 495 3286 reclamare
517 3243 577 3284 nou
600 3225 745 3284 cessabit.
759 3226 930 3284 Praeterea
943 3226 1009 3286 Nos
1022 3225 1166 3283 hactenus

208 3320 430 3392 continuimus,
453 3337 492 3378 ne
514 3317 661 3378 abscissos
682 3319 720 3376 ab
742 3318 881 3377 Ecclesia
891 3317 1047 3379 catholica
1066 3321 1167 3376 aucto-

208 3431 259 3474 res
280 3414 360 3474 male
381 3413 538 3474 ominatae
559 3411 802 3496 constitutionis
826 3410 938 3472 Civilis
959 3409 1042 3472 Gleri
1069 3409 1167 3468 decla·

271 3528 307 3581 (1)
323 3526 404 3585 Epist.
417 3526 462 3580 Vl,
474 3523 519 3570 lib.
531 3525 579 3580 ΠΙ,
590 3521 652 3569 edit.
665 3523 871 3581 Antuerp.1640.
953 3562 956 3568 .
