2498 4200
64 310 220 382 tamquam
242 289 353 362 aurum
376 302 408 362 in
429 302 521 380 igne,
544 304 739 381 perspectior
763 324 799 366 ac
820 305 1021 384 flagrantior.

61 400 146 466 Quod
167 397 268 457 exiis
289 397 386 456 otiam
409 401 498 473 patet
519 397 730 473 pastoralibus
747 399 869 460 litteris
889 404 1024 479 pseudo-

62 491 195 568 episcopi
216 489 349 552 Antonii
369 490 526 560 Brendel,
548 509 681 567 quarum
709 495 873 572 exemplar
900 498 938 556 ad
959 499 1023 558 Nos

62 585 280 654 transmisisti,
297 584 329 642 in
344 584 456 660 quibus
470 585 672 645 solitudinem
690 588 832 664 deplorat
847 609 945 663 suam,
959 592 1024 651 sui-

62 699 117 755 que
131 678 435 739 commiserationem
452 678 483 736 in
500 678 588 755 plebe
610 680 753 740 excitare
769 684 942 757 contendit,
958 684 1025 761 qui-

60 775 114 833 bus
135 777 224 833 certe
245 772 366 832 litteris
390 771 470 831 nihil
496 791 562 832 esse
585 774 766 851 imperitius
794 779 920 852 potest,
943 778 1023 837 nihil
1096 837 1100 842 .

60 869 228 939 audacius,
253 865 331 926 nihil
353 867 518 928 absurdius
536 868 645 939 ,nibil
672 870 752 945 quod
775 869 1021 948 indignationem

59 963 90 1019 in
110 962 189 1030 bene
222 960 427 1020 sentientium
454 962 567 1022 animis
589 980 648 1020 uon
671 967 889 1036 commoveat,
911 982 1021 1041 eosque

61 1075 115 1114 non
139 1055 262 1114 irritet.
285 1055 391 1114 Eidem
421 1053 544 1114 intruso
572 1056 709 1117 Brendel
737 1060 808 1116 octo
836 1057 903 1116 dies
930 1060 1021 1116 teari

60 1151 304 1228 resipiscendum
326 1149 491 1209 indulsisse
518 1150 677 1227 significas
706 1152 738 1209 in
768 1155 824 1211 tua
851 1151 1022 1211 monitione

59 1246 131 1304 data
151 1243 203 1302 die
224 1243 266 1302 23
286 1242 417 1314 Martii,
440 1243 599 1302 distulisse
621 1246 729 1320 postea
748 1243 817 1304 eius
839 1243 1022 1305 monitionis

59 1335 312 1408 exsecutionem,
327 1336 406 1411 quod
429 1352 497 1393 cum
518 1336 583 1396 Nos
605 1333 636 1393 in
659 1336 779 1396 litteris
800 1335 928 1398 Nostris
948 1355 1022 1413 apo·

59 1432 175 1490 stolicis
198 1429 390 1488 diedecima
412 1429 510 1490 tertia
537 1430 659 1508 Aprilis
681 1431 824 1507 proxime
854 1431 1021 1508 praeteriti

61 1525 135 1584 datis
155 1525 196 1584 ad
219 1522 554 1582 excommunicationis
585 1523 774 1584 senteutiam
802 1531 913 1584 contra
940 1525 1021 1585 schi-

63 1619 225 1689 smaticos,
250 1615 309 1675 nisi
330 1616 553 1676 monitionibus
574 1617 692 1677 nostris
714 1619 950 1694 obtemperent,
968 1620 1021 1677 de-

62 1717 208 1772 venturos
230 1727 297 1769 esse
318 1710 624 1785 denunciaverimus,
649 1729 708 1770 nou
731 1710 879 1772 iudicasti
895 1715 1020 1771 sanctae

60 1807 141 1865 Sedis
164 1803 371 1864 anathemata
385 1808 440 1862 tuo
455 1802 570 1862 iudicio
584 1805 797 1863 antevertere.
816 1803 904 1862 Petis
919 1803 1020 1880 igitur

61 1901 204 1970 aNobis‚
220 1897 295 1974 quid
317 1898 374 1956 hac
395 1898 432 1956 de
454 1915 488 1956 re
511 1897 568 1956 tibi
590 1916 671 1956 nunc
693 1897 846 1975 agendum
870 1898 922 1956 sit.
938 1897 1020 1956 Huic

61 1995 216 2070 postulato
239 1994 293 2050 tuo
315 2006 370 2067 per
390 1991 481 2049 hasce
504 1992 660 2063 Nostras,
677 1991 791 2050 dilecte
813 1990 874 2050 Fili
889 1991 1018 2063 Noster,

61 2086 281 2157 rescribimus,
304 2083 427 2142 scilicet
448 2101 537 2160 posse
559 2083 621 2142 iam
636 2087 676 2144 te
698 2088 769 2161 post
791 2087 915 2145 tantum
942 2085 1020 2142 tem·

60 2186 134 2260 poris
158 2203 179 2243 a
202 2185 259 2242 tua
279 2179 520 2240 comminatione
541 2181 665 2257 elapsi,
688 2181 1020 2241 excommunicationis

58 2276 265 2347 sententiam,
288 2275 312 2334 si
334 2273 382 2333 ita
402 2273 578 2334 faciendum
601 2275 781 2348 videbitur,
804 2294 841 2336 ao
869 2275 1019 2335 salutaris

57 2373 95 2432 sit
109 2372 237 2432 fructus
257 2367 330 2428 istic
352 2373 588 2440 consecuturus,
617 2372 671 2427 tuo
695 2370 855 2428 arbitratu
871 2369 901 2427 in
917 2369 1027 2446 ipsum.

56 2462 390 2542 pseudo-episcopum,
413 2462 553 2538 aliosque
575 2481 644 2522 cum
666 2462 732 2539 ipso
760 2481 831 2524 reos
857 2463 1017 2539 prolerre,

56 2565 146 2636 atque
169 2556 330 2614 emittere.
346 2555 411 2615 Alii
433 2555 507 2613 item
531 2558 610 2630 quod
627 2556 658 2613 in
675 2557 736 2615 fine
751 2556 879 2614 sublicis
894 2574 1019 2632 respon·

55 2654 161 2711 demus
183 2649 354 2726 postulato,
378 2647 617 2724 annuimusque,
641 2648 666 2706 si
690 2664 744 2724 per
766 2647 904 2706 divinam
933 2648 1019 2706 beni-

56 2747 211 2822 gnitatcm
233 2742 420 2818 contigerit,
444 2743 531 2800 utin
554 2741 718 2800 ecclesiam
747 2743 832 2800 tuam
854 2741 1019 2801 cathedra·

56 2839 112 2898 lem
136 2836 345 2913 regrediaris,
369 2836 488 2912 tibique
512 2835 683 2911 apostolica
698 2838 806 2892 nostra
827 2834 1017 2894 auctoritate

57 2932 263 3002 concedimus,
287 2934 323 2988 ut
344 2931 477 2988 durante
500 2927 766 2989 reconciliationis
788 2927 897 3003 templi
912 2928 1019 2986 cathe-

57 3028 152 3087 dralis
166 3024 379 3096 solemnitate,
395 3024 481 3084 intra
499 3023 656 3082 octiduum
672 3022 709 3082 ad
726 3020 861 3080 solamen
878 3019 1016 3080 fidelium

56 3121 241 3196 quicumque
264 3117 381 3176 dictum
405 3117 555 3192 templum
578 3114 805 3187 visitaverint,
829 3113 933 3189 ibique
961 3131 1017 3190 per

55 3213 149 3273 horae
172 3213 378 3289 quadrantem
401 3210 526 3269 divinae
549 3208 782 3268 misericordiae
804 3207 925 3284 gratias
943 3225 1018 3285 ege·

55 3307 142 3377 rint,
168 3309 202 3367 et
231 3323 287 3380 pro
316 3309 443 3362 sanctae
471 3301 629 3362 Ecclesiae
659 3302 904 3374 incolumitate,
922 3304 1016 3377 utque

55 3399 251 3472 exaltatione
272 3398 363 3457 iuxta
384 3401 523 3470 mentem·
541 3397 689 3454 Nostram
712 3395 886 3469 oraverint,
903 3396 1015 3472 plena·
1104 3469 1107 3478 ‚

56 3494 134 3554 riam
156 3496 357 3571 peecatorum
379 3491 610 3570 indulgentiam
631 3489 752 3562 lucrari
772 3489 911 3554 valeant.
926 3489 1017 3554 Nihil
