2372 4198
46 284 98 342 lure
107 283 218 360 quidem
231 303 267 344 ac
283 286 396 345 merito
411 287 445 344 tu
461 283 591 360 suspicis
606 302 641 344 ac
655 283 820 345 demiraris
832 285 973 346 ordinem

46 375 142 436 diuinae
162 379 348 455 sapientiae,
370 397 449 455 quae
470 379 587 437 malum
609 379 709 455 ipsum
732 383 920 439 convertens
942 379 974 440 in

47 467 145 541 bouum,
167 491 272 532 veram
295 473 455 549 Episcopis
476 471 615 531 reddidit
637 471 819 532 libertatem
842 471 976 532 adcundi

45 579 194 638 supremum
215 565 370 624 Ecclesiae
395 566 521 641 Caput,
543 564 668 641 eiusque
695 582 842 642 respousa
871 570 978 642 postu-

43 657 106 716 landi
125 663 214 735 atque
235 659 461 738 amplectendi,
476 660 596 721 arctius
610 660 768 738 colligatis
790 661 830 720 iis
851 661 976 720 unionis

31 750 162 823 uinculis,
184 753 294 828 quibus
315 753 460 830 Episcopi
475 752 623 812 adstricti
638 753 740 811 teneri
756 754 871 812 debent
884 755 976 815 Petri

41 845 198 918 Oatbedrae‚
211 845 301 923 eique
315 848 549 918 adhaerescerc3
565 864 704 922 quaeque
719 851 814 906 antea
829 847 886 906 sub
899 866 977 924 qua·

41 939 92 996 daun
109 938 308 1000 Libertatem
337 941 438 1017 specie
461 959 519 999 non
542 940 608 999 sine
631 938 854 1016 Episcoporum
876 940 977 1000 bono-

40 1049 89 1090 rum
109 1034 211 1092 dolore
233 1033 362 1092 nimium
385 1033 511 1110 delapsa
524 1038 616 1092 erant
634 1037 728 1108 atque
748 1032 891 1106 remissa,
907 1035 975 1094 vel-

30 1125 71 1182 uti
83 1129 123 1195 tu,
139 1145 208 1185 ven.
231 1125 344 1197 frater,
362 1126 425 1185 tuis
441 1126 517 1185 bene
539 1125 649 1185 multis
664 1125 793 1202 collegis
809 1126 976 1187 adiunctus

39 1217 191 1284 luculenter
205 1220 343 1279 ostendis
359 1219 389 1276 in
406 1223 461 1279 tua
476 1219 627 1295 pastorali
638 1219 772 1296 epistola
786 1219 835 1278 die
853 1220 866 1278 l
883 1237 976 1296 prae-

37 1312 102 1370 teriti
115 1315 226 1372 mensis
238 1315 312 1372 Maii
327 1314 532 1390 praescripta,
548 1332 641 1390 qnam
655 1316 720 1374 Nos
735 1311 857 1390 ingenti
878 1313 975 1372 animi

38 1405 122 1466 Nostri
135 1406 260 1466 laetitia
273 1407 461 1484 perlegimus
474 1406 529 1485 (Ι).
541 1409 619 1468 Hinc
634 1410 883 1468 commendantes
899 1424 975 1484 erga

36 1495 80 1555 Nos
91 1511 172 1557 tuum
186 1501 329 1558 ardorem
344 1506 492 1575 tuumque
507 1497 656 1569 studium,
666 1499 743 1558 nihil
755 1503 898 1577 optamus
912 1517 977 1559 ma-

37 1588 69 1664 gis
80 1591 105 1649 in
121 1610 166 1664 re,
180 1611 259 1668 quae
282 1593 365 1652 tanti
381 1593 517 1652 interest
530 1595 565 1652 ad
583 1593 779 1670 Religionem
795 1597 912 1654 sartam
929 1597 975 1654 te-

40 1685 155 1759 ctamque
171 1685 331 1757 tuendam,
347 1704 435 1762 quam
454 1693 490 1745 ut
504 1685 678 1745 istiusmodi
701 1685 821 1744 veritas
835 1686 974 1747 mirabili

37 1777 229 1848 providentiae
252 1779 399 1838 beneficio
421 1778 547 1854 cognita
568 1781 662 1853 atque
683 1786 847 1854 perspecta
863 1779 976 1837 miscr-

37 1867 95 1927 rino
108 1888 329 1930 aerumnarum
346 1877 486 1948 tempore
501 1871 597 1930 altius
614 1869 854 1946 uniuscuiusque
869 1872 974 1930 animo

35 1957 174 2038 infigatur,
196 1970 231 2024 et
254 1969 290 2023 ut
311 1963 436 2042 integra
458 1967 533 2022 tunc
555 1963 650 2023 etiam
674 1967 832 2036 servetur,
856 1967 888 2022 et
910 1982 975 2025 ma·

38 2065 95 2128 neat,
111 2076 179 2115 cum
195 2058 279 2116 Deus
293 2056 330 2115 Ο.
349 2058 391 2115 M.
407 2055 536 2117 Nostris
551 2057 725 2131 uestrisque
741 2055 885 2131 precibus
900 2075 974 2115 exo·

38 2153 97 2207 ntus
118 2149 301 2226 regionibus
323 2149 394 2208 istis
415 2168 520 2226 pacem
538 2150 864 2226 tranquillitatemque
881 2151 974 2218 resti·

37 2239 91 2299 luet.
106 2243 312 2317 Quoadusque
328 2242 471 2318 Episcopi
489 2243 664 2301 haerebunt
679 2242 836 2301 Ecclesiae
855 2244 972 2321 Capiti,

35 2331 200 2396 delebuntur
222 2354 361 2407 errores,
384 2355 420 2396 ac
442 2336 562 2396 veritas
584 2336 804 2413 triumphabit.
829 2338 973 2396 «Unitas

34 2430 147 2501 neuim,
173 2432 210 2489 ut
232 2430 336 2487 verbis
359 2435 485 2489 utamur
510 2428 663 2487 orationis
685 2429 810 2487 habitae
839 2429 870 2486 iu
897 2431 975 2488 Con-

33 2521 109 2581 tcilio
130 2523 308 2582 'l'uuronensi
331 2539 411 2580 anno
435 2523 515 2582 1163
544 2527 685 2598 tempore
718 2522 892 2581 Alexandri
915 2523 971 2595 Ill,

31 2617 233 2675 »concordiam
249 2615 348 2693 parit,
365 2615 530 2675 concordie
545 2622 648 2673 mater
664 2618 712 2673 est
738 2613 881 2685 unitatis,
905 2615 974 2673 uui-

28 2712 87 2767 ltes
101 2729 176 2770 vero
195 2710 267 2768 fidei
286 2709 401 2769 tribuit
416 2709 598 2768 libertatem
611 2729 619 2781 3
634 2727 674 2768 ex
690 2708 749 2766 fide
764 2706 886 2784 quidem
904 2708 972 2767 vite

26 2803 124 2863 »uobis
146 2807 182 2862 et
204 2803 341 2862 victorie
360 2808 420 2874 est,
437 2822 515 2880 quae
531 2803 632 2861 vincit
651 2803 817 2872 mundum,
840 2818 970 2876 regnam

26 2951 84 2999 tusis
99 2955 274 3003 libertatibus!
287 2955 344 3002 Vid.
355 2957 479 3002 Monitnm
494 2957 561 3014 part.
575 2955 724 3002 III.-Haeo
734 2952 868 3000 adnotavit
881 2951 973 2998 Editor

26 3027 152 3078 tellection.
163 3034 243 3077 Brev.
254 3033 329 3088 etque
346 3032 468 3077 instruct.
479 3031 552 3078 iuxta
573 3031 701 3088 exemplar
717 3031 868 3086 impressum
877 3031 972 3076 Romae

26 3113 67 3151 tm.
79 3109 144 3156 1800.
169 3107 219 3164 Qui
235 3107 263 3152 in
277 3109 418 3165 praecitato
433 3109 528 3154 Monito
544 3109 610 3166 part.
621 3110 668 3154 111.
679 3107 784 3165 questus
804 3103 834 3149 da
854 3117 971 3152 sermone

26 3183 112 3236 ruceflxo
129 3184 231 3230 duobus
246 3183 330 3241 tomis,
351 3184 443 3243 quibus
467 3184 558 3230 titulus
574 3186 621 3230 cst:
640 3201 652 3222 u
665 3183 738 3228 Buels
755 3183 780 3227 et
797 3181 969 3227 instructione

26 3251 82 3304 loll.
98 3261 122 3305 S.
142 3259 205 3306 Pera
221 3259 246 3305 le
263 3261 328 3316 Papo
345 3261 388 3305 Pie
407 3262 449 3315 VI,
463 3277 475 3297 n
496 3260 559 3305 heac
569 3258 655 3305 addidi
665 3257 698 3304 ed
714 3257 809 3302 calcem
826 3256 942 3314 paginae:
953 3277 970 3289 -

26 3331 72 3386 laid
92 3337 140 3383 eibi
165 3336 258 3384 volunt
282 3337 330 3382 luae
346 3335 572 3382 detruncationes?
593 3335 654 3393 quud
676 3333 795 3381 Bravium
810 3334 972 3390 integrorum

26 3410 199 3460 umiusiouesl-

68 3491 100 3544 (1)
116 3493 179 3548 Peg.
191 3491 215 3546 9,
228 3491 267 3546 10,
278 3491 304 3537 et
313 3489 463 3547 praesertim
473 3489 512 3536 11.
525 3484 556 3534 si
571 3484 671 3536 c’dtait.
