2492 4202
453 213 631 273 -341-

59 339 212 382 canonum
235 338 365 381 censura
382 320 579 392 abhorreret,
596 318 785 397 nimiumque
800 319 955 404 Ecclesiae
970 319 1026 381 ad·

64 417 249 476 versaretur
271 414 472 491 benignitati,
484 417 528 496 ,et
549 433 567 474 a
588 415 783 493 poenitentia
797 416 963 473 revocaret
975 429 1026 470 er-

63 512 182 580 rantes,
206 508 233 567 si
255 526 311 585 per
330 509 393 568 Nos
415 509 500 568 ratio
520 510 668 583 iniretur,
690 527 782 586 quam
795 507 894 569 Nobis
916 523 1024 583 propo-

63 602 121 674 nis,
131 602 205 662 illos
214 602 363 661 exsueudi
376 602 532 663 beneficiis
547 603 688 680 legitime
700 606 775 662 ante
786 601 919 660 schisma
933 615 1024 675 quae·

61 695 157 769 sitis,
181 698 216 754 et
236 695 414 755 huiusmodi
437 696 641 757 severitatem
661 709 706 756 ¹eo
735 693 922 773 praesertim
945 695 1025 751 tem-

61 807 137 866 pore
159 789 340 862 adhibendi,
364 809 423 866 quo
446 789 541 850 iidem
562 794 759 867 patratorum
782 787 947 847 criminum
970 785 1025 845 ab·

59 883 252 942 solutionem
264 885 387 958 petunt,
400 902 477 960 quae
488 883 610 960 publice
622 883 715 942 editis
726 865 922 958 argumentis
933 882 1027 940 antea

59 979 137 1036 sunt
160 975 325 1049 detestati,
347 995 416 1037 curn
438 978 588 1054 privatio,
605 996 683 1054 quae
704 980 754 1036 est
774 993 871 1052 poena
890 992 948 1031 non
962 973 1024 1033 iam

61 1071 92 1128 in
109 1070 290 1146 pervicaces
305 1069 436 1143 inflicta,
452 1071 595 1147 componi
617 1069 743 1130 minime
759 1068 856 1146 possit
872 1085 940 1126 cum
955 1083 1027 1142 poe-

61 1162 204 1223 nitentia
225 1162 293 1239 ipsa
314 1167 438 1223 etcum
461 1163 669 1223 absolutione.

123 1264 222 1322 Utere
245 1264 292 1332 tu,
314 1279 386 1318 ven.
403 1259 517 1332 irater,
535 1265 696 1336 tecumque
717 1257 831 1335 reliqui
847 1255 1024 1317 Galliarum

62 1352 210 1430 Episcopi
233 1355 378 1425 utantur,
401 1353 503 1411 veluti
526 1371 587 1420 non
607 1352 785 1412 dubitamus
805 1350 967 1421 futurum,
990 1364 1027 1406 ea

61 1447 252 1517 severitate,
268 1463 361 1521 quam
374 1449 438 1507 Nos
453 1450 526 1506 ante
541 1447 770 1506 absolutionem
782 1445 930 1504 iussimus
940 1440 1028 1502 adhi-

63 1541 151 1611 beri,
169 1541 220 1597 sed
237 1538 261 1596 si
278 1537 491 1614 praescriptae
507 1538 700 1596 conditiones
716 1537 940 1608 servabuntur,
956 1553 1028 1613 pro·

60 1633 115 1692 cul
138 1634 227 1690 certe
250 1631 394 1703 aberunt,
417 1634 569 1707 quantum
590 1630 659 1689 fieri
684 1632 797 1707 potest,
814 1629 979 1688 simulatae
994 1632 1026 1687 et

53 1723 303 1800 commentitiae
325 1723 547 1799 poenitentiae,
566 1742 620 1782 neo
637 1725 719 1783 ullus
733 1723 797 1782 erit
811 1723 956 1783 scandalo
971 1723 1026 1782 aut

61 1817 226 1878 offensioni
247 1816 345 1888 locus,
369 1816 394 1874 si
416 1816 656 1878 Ecclesiasticus
678 1815 802 1892 quidam
825 1834 885 1874 non
911 1833 1025 1891 poenae

64 1913 180 1971 timore
203 1905 407 1986 perterritus,
428 1911 479 1968 sed
503 1908 642 1985 paternis
664 1909 872 1974 hortamentis
887 1908 1024 1980 illectus,

62 2011 98 2064 et
119 2006 244 2064 sincera
266 2003 362 2061 animi
384 2001 578 2079 poenitentia
598 2003 721 2074 ductus,
738 2002 800 2062 erit
814 2021 832 2062 a
847 2001 1024 2078 privatione

66 2097 290 2158 beneficiorum
313 2095 479 2169 immunis,
502 2114 580 2172 quae
602 2100 650 2155 est
671 2113 770 2172 poena
792 2093 1024 2166 obstinationis3

65 2198 100 2252 et
122 2209 233 2252 rursus
254 2189 280 2248 si
302 2189 406 2262 idem,
430 2195 593 2266 postquam
618 2189 774 2248 Ecclesiae
800 2188 958 2248 cumulate
978 2204 1027 2247 sa·

65 2283 234 2355 tisfecerit,
257 2281 450 2353 absolvitur,
474 2286 507 2340 et
528 2281 618 2341 iuxta
643 2299 775 2341 canones
803 2279 1026 2357 possessionem
1102 2327 1107 2337 s

63 2376 186 2453 repetit
208 2391 315 2438 eorum
337 2373 570 2446 beneficiorum,
591 2391 670 2449 quae
691 2373 834 2450 legitime
851 2376 945 2433 antea
959 2389 1026 2449 pos·

59 2469 198 2528 sidebat.
221 2465 357 2525 Humani
378 2470 426 2526 est
447 2467 479 2524 in
501 2483 642 2526 errorem
666 2465 752 2537 labi,
776 2467 827 2524 scd
850 2465 974 2542 publica
995 2467 1028 2522 at

64 2562 188 2620 sincera
214 2559 330 2618 erroris
358 2558 494 2618 eiuratio
524 2549 572 2616 iti
598 2559 735 2617 maculas
758 2576 864 2617 omnes
892 2556 972 2616 eluit
992 2574 1028 2616 ac

63 2654 162 2725 delet,
177 2655 213 2734 ut
231 2651 347 2711 homini
362 2652 477 2710 famam
498 2669 667 2726 nomenque
689 2651 837 2710 conciliet
857 2669 892 2709 ao
911 2649 1026 2726 pariat,

64 2745 168 2805 veluti
190 2744 269 2804 alias
291 2763 346 2822 per
373 2746 437 2805 Nos
463 2743 572 2803 multis
599 2744 750 2819 exemplis
781 2745 1027 2803 demonstratum

64 2843 116 2898 ert
129 2840 168 2898 ab
181 2837 410 2897 ecclesiasticae
421 2837 572 2896 historiae
584 2835 670 2896 fonte
683 2836 791 2913 petitis
800 2835 1027 2915 (l).Apostolus

66 2933 133 3008 ipse
162 2931 260 2990 verba
280 2931 396 2992 iaciens
423 2933 459 2992 de
485 2931 641 3007 aliquibus
668 2932 764 2990 ramis
788 2929 899 2990 fractis
927 2930 1025 2990 dixit:

64 3045 84 3087 s
99 3025 160 3085 Sed
175 3022 285 3096 atilli,
301 3022 328 3083 si
343 3041 401 3082 non
414 3022 645 3100 permanserint
656 3023 687 3081 in
700 3023 935 3096 incredulitate,
948 3023 1029 3082 inse·

131 3282 165 3334 (1)
183 3279 312 3328 Prioribus
329 3279 430 3326 Nostris
446 3279 539 3326 litteris
550 3282 610 3326 Mss.
622 3279 672 3327 diei
683 3281 713 3328 10
722 3280 808 3326 Martii
825 3281 894 3327 1791.
911 3293 969 3339 pag.
988 3283 1028 3329 76.

67 3362 116 3409 col.
127 3363 149 3407 1.
161 3362 187 3406 et
202 3362 225 3406 2.
237 3361 262 3405 et
272 3359 330 3406 aliis
345 3359 439 3405 litteris
448 3359 518 3417 typis
534 3359 609 3406 editis
620 3359 671 3408 diei
681 3363 710 3408 19
727 3361 823 3421 Aprilis
839 3361 952 3408 eiusdem
968 3363 1030 3408 anni

68 3438 129 3486 1791
145 3448 204 3494 pag.
217 3437 239 3491 2,
252 3436 277 3481 et
287 3433 338 3481 diei
347 3437 376 3482 19
393 3433 478 3482 Martii
493 3434 571 3480 huius
583 3436 644 3482 anni
663 3451 688 3496 p.
701 3438 731 3485 lo
741 3439 766 3484 ot
786 3439 824 3484 11.
839 3434 886 3499 Of.
900 3436 947 3484 baa
958 3434 1028 3484 Litt.

68 3511 122 3576 Ap.
133 3526 179 3574 pp.
190 3510 231 3573 62,
243 3510 297 3573 141,
308 3508 355 3562 265
373 3508 430 3558 bui.
442 3509 505 3558 edit.
