2372 4198
233 355 237 362 ,
267 291 422 370 Egregios
436 292 550 352 Caesar
564 291 643 368 ipse,
659 291 828 367 plenosque
850 287 981 365 pietatis
1001 305 1034 346 ac
1047 286 1157 362 magni-

207 385 325 446 tudinis
345 384 441 444 animi
456 403 563 452 seusus
584 385 693 445 statim
713 385 810 445 Nobis
824 381 1018 454 declaravit,
1033 398 1098 439 cum
1120 379 1157 437 di·

207 483 295 540 ceret
308 496 341 538 se
356 479 439 538 omni
460 496 554 555 opera
568 481 725 550 acturum,
740 481 776 538 ut
789 478 911 538 ablatas
927 474 1102 552 provincias
1115 490 1155 530 ra-

205 575 390 652 ciperemus.
406 575 471 640 Quo
494 573 573 633 nihil
594 574 708 633 iustius
729 589 796 631 esse
817 569 936 646 possit,
961 587 1058 646 neque
1078 568 1155 645 quid·

207 687 298 758 quam
314 666 413 743 magis
435 666 570 725 omnium
586 665 681 726 etiam
703 663 833 742 intersit
847 679 1064 740 supremorum
1085 660 1157 738 prin·

207 762 322 839 cipum,
338 778 430 838 quam
451 778 488 818 ne
504 761 568 819 tale
592 757 802 836 usurpationis
822 756 1000 832 exemplum
1021 755 1052 812 in
1075 753 1156 812 ullam

208 855 295 916 abire
316 853 422 912 valeat
443 851 593 929 temporis
621 849 912 928 praescriptionem.
935 849 1083 926 Agendas
1103 849 1155 904 tum

206 948 257 1008 illi
279 947 399 1026 gratias
427 946 572 1005 duximus
600 963 656 1021 per
677 944 818 1004 Litteras
839 943 993 1014 Nostras,
1015 941 1049 1000 in
1072 941 1156 1016 iisque

207 1041 403 1119 potissimum
425 1037 588 1115 religionis
609 1055 659 1096 res
675 1037 705 1094 iu
728 1035 833 1095 Gallia
854 1035 1032 1106 convulsas),
1049 1053 1086 1094 ac
1106 1035 1157 1110 pla-

208 1155 247 1195 ne
267 1152 405 1206 eversas,
428 1150 484 1209 per
505 1149 592 1191 suam
620 1130 845 1190 auctoritatem
866 1147 902 1188 ao
922 1130 1100 1205 potentiam
1120 1146 1158 1186 re-

207 1229 394 1299 stituendas,
421 1245 480 1284 non
507 1225 571 1284 sine
594 1225 712 1302 gemitu
741 1241 777 1282 ac
806 1223 947 1282 lacrimis
976 1223 1158 1282 commenda·

207 1325 325 1384 bamus.
352 1323 469 1381 Verum
499 1337 551 1378 eas
578 1316 661 1394 ipsas
688 1319 829 1379 Litteras
855 1319 905 1377 die
936 1317 955 1376 3
977 1317 1091 1376 Martii
1115 1318 1158 1374 da-

207 1420 256 1478 tas
278 1415 423 1493 inopinus
444 1411 690 1472 luctuosissimus
718 1412 785 1471 eius
814 1410 915 1471 obitus
942 1409 1006 1468 iam
1035 1416 1158 1469 anteces-

206 1513 303 1571 serat.

266 1604 310 1661 At
330 1603 493 1677 praestans
507 1599 585 1659 illud
609 1599 775 1658 consilium
790 1618 877 1658 suum
901 1617 962 1658 uon
985 1598 1056 1675 ipsa
1075 1600 1157 1656 mortc

207 1694 373 1770 abreptum
396 1696 467 1772 est,
491 1694 542 1752 sed
573 1711 592 1752 a
623 1694 667 1751 Te
689 1691 910 1769 perficiendum
943 1693 976 1750 in
997 1693 1045 1750 Te
1074 1691 1156 1767 ipsum

208 1793 280 1862 est,
301 1792 366 1850 Deo
399 1789 545 1862 volente,
570 1793 727 1865 tamquam
760 1806 830 1866 per·
844 1788 1074 1848 hereditarium
1100 1786 1155 1856 ius,

207 1881 438 1942 transmissum.
455 1883 489 1940 Iu
512 1883 619 1942 eadem
641 1883 708 1958 ipse
730 1900 828 1959 regna
849 1881 1042 1953 successisti,
1065 1881 1154 1940 iisdem

208 1977 308 2053 polles
329 1975 470 2046 viribus,
493 1977 530 2034 ad
553 1995 629 2052 quas
651 1975 839 2036 adhibendas
866 1971 966 2034 multo
989 1976 1088 2042 adhuc
1105 1991 1155 2032 ma·

207 2069 269 2128 iori
292 2067 488 2144 compelleris
508 2088 612 2141 eausa,
634 2067 744 2128 indicti
768 2069 915 2128 nimirum
943 2087 979 2127 ac
1001 2068 1079 2128 moti
1096 2085 1152 2126 cou-

208 2166 261 2223 tra
282 2165 326 2222 Te
352 2160 428 2220 belli
449 2162 487 2219 ab
510 2161 548 2220 iis
570 2161 664 2238 ipsis,
687 2161 740 2238 qui
766 2162 826 2220 iam
849 2161 986 2220 omnium
1016 2162 1085 2222 iura
1104 2165 1148 2218 lan

207 2274 308 2329 saera,
325 2274 415 2333 quam
429 2255 516 2332 regia
531 2255 649 2315 nefarie
664 2273 842 2334 oppugnare
855 2259 1039 2331 coeperunt,
1055 2273 1089 2314 ac
1100 2267 1145 2329 per

208 2353 348 2409 vertere.
364 2351 443 2408 Eum
458 2367 535 2407 vero
550 2350 634 2426 geris
649 2350 798 2421 animum,
815 2368 905 2426 quem
920 2349 975 2409 Dei
991 2349 1088 2426 ipsius
1099 2341 1138 2420 Spl-

207 2444 274 2505 ritu
289 2443 424 2504 inditum
446 2443 517 2502 Tibi
532 2461 598 2501 esse
620 2445 791 2519 putandum
813 2445 872 2516 est,
888 2460 957 2501 cum
980 2441 1013 2500 in
1028 2441 1140 2518 ipsolu·

207 2537 288 2614 perii
311 2537 357 2596 tui
372 2581 380 2611 ‚
398 2540 618 2612 tantorumque
640 2554 808 2613 regnorum
830 2535 945 2608 initio,
968 2535 1051 2594 nihil
1072 2529 1145 2605 magu

206 2630 308 2714 agites
322 2647 358 2688 ac
379 2628 533 2701 moliaris,
548 2646 640 2704 quam
664 2635 699 2700 ut
714 2628 942 2688 infensissimos
964 2630 1047 2687 Tuos
1067 2645 1098 2684 ac
1111 2641 1149 2699 po-

206 2727 360 2784 testatum
393 2721 530 2781 omnium
554 2724 658 2782 hostes
686 2723 784 2782 armis
804 2741 1003 2799 compescas,
1025 2722 1057 2780 in
1077 2733 1147 2778 suun

207 2816 326 2877 referas
355 2817 470 2875 statum
495 2833 552 2872 uon
583 2816 685 2875 minus
706 2816 896 2889 Ecclesiam,
919 2834 1011 2893 quam
1038 2827 1147 2889 reguum

208 2908 343 2981 Galliae,
358 2907 514 2983 Nobisque
528 2906 624 2968 ctiam
644 2926 700 2984 per
716 2909 777 2968 vim
794 2909 901 2969 ablata
919 2907 1047 2968 restitui
1059 2904 1148 2965 facim.

208 3003 290 3070 Quae
312 3001 436 3078 quidem
451 3004 564 3060 cuncta
584 3002 739 3078 singulari
762 3021 836 3079 prae
851 3005 896 3062 Te
917 3002 980 3061 fers
1001 3000 1090 3060 animi
1108 3014 1151 3054 ar·

207 3097 294 3169 dore,
311 3095 342 3153 in
365 3094 463 3170 iisque
485 3093 587 3170 palam
609 3093 740 3154 consilia
761 3094 879 3168 omnia,
896 3111 997 3167 curas,
1019 3110 1095 3170 opes,
1109 3087 1151 3146 vi·

80 3262 83 3270 .
136 3233 137 3238 η
207 3206 319 3264 resque
337 3187 472 3246 collocas
494 3190 588 3262 atque
603 3186 765 3264 impendis.

268 3281 329 3339 Eas
350 3279 450 3356 igitur
470 3277 624 3350 Litteras,
648 3296 724 3355 quas
747 3279 785 3337 ad
807 3281 984 3355 Augustum
1006 3277 1148 3355 parentem

209 3375 321 3444 tuum,
345 3371 450 3448 paucis
478 3373 550 3431 aute
573 3372 747 3444 mensibus,
770 3372 978 3445 miseramus,
1001 3370 1066 3430 'l'ibi
1084 3363 1148 3426 scri·

209 3468 280 3542 ptas
301 3465 465 3538 existima,
488 3463 649 3525 carissime
678 3464 709 3524 in
731 3465 857 3526 Christo
877 3465 942 3525 Fili
963 3466 1088 3532 Noster,
1107 3461 1147 3516 at-
