2492 4202
435 247 613 310 -275-

38 353 263 417 constitutioni
286 353 381 427 cleri,
401 358 575 430 perNosa
596 376 652 418 suo
675 377 770 437 usque
796 360 889 421 initio
904 361 1003 439 pluri-

41 470 87 511 mo
107 468 181 509 cum
203 449 337 507 horrore
359 450 556 510 detestataet

97 544 233 620 Spectat
248 543 318 600 alia
328 539 530 603 fraudulenta
544 541 739 604 intrusorum
758 545 884 609 fallacia
898 554 931 609 et
944 549 1006 610 cir-

41 636 220 695 cumventio
236 635 273 694 ad
295 633 450 693 defectum
467 635 627 704 cniusdam
641 637 748 698 civilis
768 639 887 701 formae
903 642 935 700 in
950 660 1006 719 pu-

44 729 210 790 blicatione
232 727 415 788 litterarum
435 730 635 790 Nostrarum.
652 731 778 791 Etenim
792 751 848 793 nec
870 733 931 812 ipsi
953 753 1008 794 ne·

45 824 153 896 sciunt,
172 840 232 893 nec
252 840 434 899 quemquam
456 822 552 882 alium
574 824 676 884 latere
697 828 813 901 potest,
829 827 1006 888 huiusmodi

46 917 174 976 formam
189 916 222 974 in
244 915 403 991 praesenti
418 915 604 992 gallicarum
626 933 733 975 rerum
755 921 841 979 statu
863 922 1005 982 adhiberi

47 1029 99 1069 non
121 1026 226 1086 posse;
243 1007 290 1068 ita
311 1010 348 1067 ut
368 1009 421 1084 qui
436 1005 612 1067 huiusmodi
634 1009 766 1070 formam
788 1011 965 1088 requirunt,
980 1014 1005 1074 ii

48 1104 87 1163 nil
99 1104 192 1179 prius
211 1101 359 1173 habeant,
375 1118 466 1177 quam
482 1104 519 1160 ut
533 1101 670 1186 schisma
684 1105 718 1163 et
731 1103 866 1164 intrusio
880 1105 1005 1182 impunc

49 1200 241 1275 grassantur.
257 1196 326 1256 Non
341 1194 423 1253 latet
437 1193 546 1267 etiam,
562 1194 641 1255 hanc
655 1195 784 1256 civilem
798 1196 930 1258 lormam
944 1217 1004 1259 non

48 1309 108 1350 essa
118 1287 344 1360 necessariam,
356 1286 491 1346 maxime
506 1305 575 1345 cum
591 1306 641 1347 res
656 1289 698 1348 sit
712 1289 751 1349 dc
764 1307 863 1350 caasa
873 1293 1003 1366 maiori,

49 1402 118 1460 quae
139 1386 178 1443 ad
201 1383 267 1442 Nos
288 1384 321 1440 et
342 1383 487 1456 spectat,
503 1383 537 1440 ct
556 1398 612 1456 per
634 1381 789 1460 episcopos
810 1384 913 1445 delata
933 1388 1004 1459 cst3

51 1479 126 1553 qaod
148 1475 274 1554 quidem
295 1472 443 1533 catholici
465 1491 569 1532 omnes
590 1475 755 1549 fatentur,
777 1479 810 1536 et
831 1479 1007 1540 declaravit

50 1570 285 1631 Valentinianus
306 1570 467 1644 Augustus
488 1566 519 1625 in
535 1567 683 1640 Novella,
705 1558 782 1644 quae
804 1571 1005 1649 subsequitur

50 1664 210 1740 epistolam
222 1663 255 1721 S.
270 1659 381 1721 Leonis
396 1661 500 1737 magni
512 1661 555 1720 ad
565 1663 724 1737 episcopos
730 1679 790 1738 per
798 1667 1006 1739 provinciam

55 1758 263 1818 Viennensem
277 1757 469 1814 constitutos
483 1753 527 1832 (l)
542 1753 715 1830 perspicuis
730 1755 813 1814 hisce
829 1757 944 1817 verbis:
960 1757 1007 1818 Et

51 1863 116 1914 erat
135 1851 269 1930 qnidam
297 1852 370 1925 ipsa
389 1851 555 1910 sententia
573 1847 629 1926 (S.
651 1846 776 1927 Leonis)
794 1867 855 1926 per
880 1851 1006 1912 Gallias

51 1949 143 2006 etiam
164 1946 236 2003 sine
257 1944 424 2018 imperiali
443 1943 610 2002 sanctione
630 1944 788 2001 valitura.
815 1944 899 2008 Quid
919 1945 1007 2002 enim

54 2043 135 2099 tanti
149 2038 323 2114 Pontificis
345 2037 537 2095 auctoritati
559 2037 597 2094 in
611 2035 765 2096 Ecclesiis
786 2053 854 2094 non
868 2037 1006 2096 liceret?

52 2135 86 2193 llt
104 2134 211 2194 clerus
232 2130 327 2190 etiam
350 2129 523 2206 gallicanus
541 2128 689 2206 agnovit,
707 2129 759 2188 ubi
780 2133 954 2190 actumest
968 2130 1006 2190 de

55 2225 212 2304 migandis
233 2221 402 2300 encyclicis
421 2222 542 2282 litteris
562 2222 731 2282 decessoris
751 2221 862 2284 Nostri
876 2224 1007 2285 Benedi-

52 2322 90 2379 cti
104 2319 192 2391 XIV,
208 2317 358 2388 Minime,
371 2315 534 2392 inquiens,
550 2315 708 2392 indipetis
721 2320 815 2394 repta
829 2320 1007 2380 anctorita-

53 2422 87 2486 te,
104 2414 148 2473 ad
169 2410 400 2488 eonlqandam,
417 2417 586 2484 tamqnam
601 2412 759 2484 requiam,
777 2421 909 2472 sanctae
931 2431 1009 2490 apo-

53 2510 179 2567 stolicae
192 2503 283 2564 Sedis
303 2503 541 2579 responsionem
557 2504 593 2559 in
604 2519 643 2562 re
662 2519 747 2584 merc
766 2495 936 2578 spirituaii
950 2504 1007 2582 (2).

107 2601 192 2666 Quae
220 2598 371 2657 hactenus
397 2595 533 2655 diximus
557 2597 593 2655 de
615 2594 804 2669 lacrimabili
832 2596 1008 2656 schismatis

53 2696 146 2765 statu,
163 2689 213 2750 cui
234 2691 348 2749 mirum
370 2689 401 2748 in
424 2688 549 2748 modum
568 2687 746 2746 inserviunt
767 2687 899 2762 intrusi,
912 2688 939 2748 si
960 2690 1009 2748 at-

54 2789 135 2845 tante
149 2783 394 2860 perpendantur,
407 2781 536 2859 quisque
547 2779 639 2840 facile
652 2779 824 2857 intelliget,
839 2799 930 2857 quam
944 2781 1007 2841 Nos

53 2895 125 2937 rere
147 2894 215 2935 cum
238 2876 271 2936 S.
288 2875 461 2936 Athanasio
477 2873 653 2932 exclamare
675 2874 824 2950 possimus
847 2872 903 2952 (3):
919 2873 1007 2932 Non-

55 2971 126 3029 dam
154 2971 365 3029 inteileaistis
392 2969 473 3026 solvi
500 2967 802 3038 christianismum,
832 2974 864 3026 et
891 2966 1009 3025 caliz'de

55 3065 106 3124 sai
126 3064 197 3122 alia
214 3064 315 3137 specie
336 3061 500 3120 diabolum
513 3076 703 3136 oppnqnare
722 3059 928 3120 Ecclesiam?

113 3249 146 3300 (1)
163 3244 268 3304 Epistol.
278 3245 309 3290 X.
321 3243 386 3302 part.
399 3245 434 3289 Π.
446 3255 549 3302 operum
564 3242 590 3289 S.
602 3242 695 3290 Leonis
710 3241 770 3290 edit.
783 3245 895 3302 l'yrnav.
909 3243 977 3292 1767.

113 3323 147 3376 (2)
163 3318 254 3368 Procis
269 3317 358 3366 verbal
377 3316 407 3364 dc
417 3316 581 3366 l'Asscmblic
599 3315 761 3376 generalem
772 3317 859 3377 Olergd
869 3317 898 3366 dc
908 3320 1008 3365 Franco

57 3395 84 3442 dc
99 3394 194 3443 l’enntc
211 3395 280 3442 1765.
297 3395 346 3441 etc.
364 3391 459 3440 Sdcnco
475 3395 529 3440 XX.
546 3406 603 3454 pag.
616 3394 655 3440 77.
674 3390 698 3446 8.
713 3390 785 3440 Oette
796 3391 978 3456 publication.

116 3472 150 3529 (B)
164 3472 244 3530 Epist.
258 3468 402 3518 cathelaii
418 3481 504 3516 omnes
519 3469 612 3528 ubique
632 3467 792 3518 orthodoxos
809 3469 949 3530 Episcopus
965 3469 1015 3516 cit.

59 3547 116 3595 tom.
127 3549 148 3594 1.
159 3559 215 3608 pag.
228 3547 282 3595 570.
294 3545 344 3596 litt.
356 3547 386 3606 Ι),
400 3546 426 3593 et
435 3557 492 3607 pag.
505 3547 559 3594 571.
570 3545 620 3593 litt.
633 3546 665 3592 Δ.

894 3631 911 3666 a
