2386 4194
223 319 349 397 vigiles,
366 323 399 380 et
421 311 577 398 sapientes
598 325 747 384 Pastores
768 325 876 398 Nobis,
893 329 926 385 et
940 325 1099 388 Ecclesiae
1112 343 1168 384 suae

224 415 332 472 servet
353 431 445 490 qnam
466 415 643 476 diutissime
665 417 798 494 sospites
819 422 853 477 et
866 418 1053 492 incolumes,
1069 423 1182 488 votum

224 525 283 584 que
298 506 356 566 hoo
366 509 517 569 Nostrum
525 510 707 586 Apostolioa
720 510 944 571 Benedictione
958 514 1182 590 prosequimur,

225 616 317 676 quam
339 599 496 660 universis
518 602 631 674 Vobis,
655 602 776 664 Dilecto
797 603 861 663 Fili
882 606 1013 678 Noster,
1040 609 1074 666 et
1093 607 1183 698 venel

224 692 340 752 rabiles
361 693 504 766 Fratres,
516 713 556 754 ex
569 695 786 756 intimo-corde
800 697 972 773 prolectam
988 701 1183 775 peramanter}

224 784 438 863 impertimur.
722 777 726 783 ’

284 881 399 940 Datum
421 882 537 941 Romae
558 883 637 959 apud
660 883 693 942 S.
710 885 841 943 Petrum
857 884 913 944 sub
934 887 1066 950 Annulo
1087 860 1184 945 Piso-l

224 972 322 1126 Korn,
352 973 401 1034 aa
428 975 459 1034 x
486 976 596 1036 Mareu
622 978 810 1050 unooxci,
841 970 1056 1041 pontificatus
1082 963 1184 1041 nonu

254 1083 315 1125 nno
336 1068 437 1129 XVII.

797 1167 902 1239 PIUS,
925 1167 980 1244 qui
1002 1186 1111 1246 supra.
1184 1157 1185 1160 ¹

648 1345 760 1404 ul.

404 1462 566 1506 osnrssruo
588 1464 622 1506 1n
642 1465 773 1510 ossrsro
794 1465 875 1510 suno
895 1465 1017 1518 nosrno

558 1603 854 1663 Lunovlco

416 1745 620 1808 Francorum
631 1749 716 1826 chi
726 1750 1000 1811 christianissimo

448 1905 616 1986 -PIUS
656 1907 836 1985 PAPA
877 1909 945 1986 VI.

294 2087 480 2146 carissime
501 2089 539 2146 ln
561 2087 698 2146 christo
718 2089 789 2145 Fili
809 2091 955 2156 Noster,
972 2092 1121 2148 Salutem
1188 2082 1189 2158 l

404 2185 439 2239 st
459 2181 696 2252 Apostolioam
716 2182 1015 2242 Benedictionem.

284 2332 352 2392 Etsi
365 2333 429 2394 Nos
451 2351 546 2409 nsque
560 2335 660 2394 adhuc
681 2333 898 2394 distulerimus
917 2351 1102 2410 responsum
1116 2335 1169 2391 dare

226 2425 393 2502 postremis
420 2425 597 2510 Maiestatis
619 2427 705 2486 Tuae
725 2425 878 2500 Litteris3
901 2426 1122 2486 existimamus
1139 2429 1171 2482 ta·

225 2536 307 2592 men,
322 2536 341 2577 a
356 2519 400 2578 Te
421 2521 604 2579 excusatum
620 2517 660 2577 iri
681 2520 831 2580 Nostram
854 2521 933 2580 hanc
947 2537 1080 2593 morsm,
1097 2520 1121 2580 si
1135 2536 1172 2576 ve·

225 2612 277 2684 lis,
293 2611 459 2673 Carissimo
471 2612 502 2670 in
517 2611 644 2673 christo
665 2612 731 2672 Fili
751 2615 878 2685 Noster,
892 2617 1097 2690 perpendere,
1111 2627 1171 2688 quae

226 2766 300 2812 ussol
309 2763 397 2811 datum
412 2765 438 2810 et
448 2764 544 2820 vivere,
557 2777 587 2810 ao
596 2763 662 2810 morl
671 2765 768 2811 eertum
783 2765 831 2821 est,
842 2775 1004 2822 nequaquam
1019 2775 1092 2821 posse
1102 2762 1172 2809 cosle·

226 2851 304 2886 soere.
322 2840 448 2900 Aperiunt
458 2838 497 2886 illi
507 2837 608 2897 quidem
619 2852 680 2886 suos
696 2838 883 2887 conolliatlonis
900 2851 1000 2897 sensum
1011 2837 1091 2885 sedin
1101 2837 1144 2884 tali
1151 2845 1171 2879 ot

224 2917 298 2964 tants
308 2914 502 2965 constitutionis
513 2927 571 2961 cum
580 2915 719 2973 Evangelio
731 2914 930 2962 contradictione
951 2927 982 2960 aa
1001 2925 1094 2972 pugna,
1106 2912 1131 2960 et
1145 2911 1173 2955 tot

225 2993 403 3054 tantorumque
422 2990 548 3038 malornm
567 2989 678 3049 undique
697 2989 871 3048 ingruentium
889 2990 994 3047 intuitu,
1007 2990 1090 3049 palam
1108 2986 1173 3046 prol·

224 3070 320 3124 tentur,
331 3067 434 3113 minime
453 3064 539 3114 videre
559 3078 594 3123 se,
606 3065 667 3125 qnid
685 3066 739 3124 spei
757 3066 799 3124 sit,
811 3065 942 3114 conciliari
961 3077 1035 3124 posse
1054 3065 1171 3117 cumbere

226 3147 302 3196 divin
312 3145 441 3194 Ecclesiae
450 3145 586 3205 principis;
597 3144 777 3204 declarantque
786 3146 936 3203 luculenter,
950 3157 977 3193 se
988 3144 1108 3193 iudicium
1117 3145 1172 3188 Pon-

224 3225 302 3273 tiflois
312 3227 413 3283 summi,
423 3225 463 3271 nti
473 3226 577 3283 cepitis,
588 3225 698 3273 ulterius
706 3226 905 3284 exspectaturos,
916 3225 1025 3283 egregiis
1035 3223 1104 3270 hisce
1114 3218 1172 3266 voci·

224 3301 273 3348 bus
282 3301 356 3348 illum
365 3301 554 3360 compellantes:
565 3300 699 3359 Assurglte
708 3301 802 3358 itaque,
811 3298 975 3346 sanctissime
984 3301 1064 3354 Pater,
1072 3295 1105 3344 ad
1114 3295 1172 3342 illam

226 3375 366 3434 sapientiae
381 3377 489 3425 Vestrae
507 3374 631 3435 liberique
645 3375 781 3423 ministerii
801 3373 970 3422 altitudinem.
990 3372 1171 3422 amares-oona

226 3449 388 3499 lide-Sciat
408 3448 486 3508 Pdrc,
499 3448 566 3498 dum
586 3455 661 3498 toute
680 3450 709 3498 lu
718 3463 822 3510 sapesso
832 3456 858 3497 ct
869 3449 898 3497 lu
907 3447 1004 3496 liberti
1014 3441 1173 3495 &schemi-

226 3523 351 3576 nistdrc.»
