2372 4198
101 2161 103 2167 ,
227 2099 348 2172 titioni,
364 2115 456 2174 quam
471 2097 557 2158 Galli
578 2098 687 2157 dicunt
707 2099 940 2175 department,
958 2117 1088 2176 unaque
1109 2118 1151 2176 ops

228 325 329 386 iuncti
351 322 529 401 pastoribus
551 320 668 380 eximia
693 316 823 397 pietatis
852 321 981 380 vestrae
1009 319 1185 394 arguments

230 417 384 489 edidistis3
409 417 542 492 gaudete
565 431 682 484 omnes,
698 412 869 493 inquimus,
890 429 944 471 eas
967 417 1101 488 propter
1121 404 1185 472 iniu·

228 512 305 585 rias,
320 529 398 587 quaa
413 507 501 568 vobis
522 507 555 566 in
577 505 754 566 huiusmodi
774 505 931 566 relatione
950 505 1147 575 inferuntur,
1163 507 1185 564 el

230 623 309 684 quae
329 603 362 662 in
385 606 527 661 vestrum
549 601 781 660 convertuntur
803 601 954 659 honorem
976 601 1011 658 et
1033 600 1140 669 decus3
1154 599 1185 656 sl

230 716 290 776 que
311 696 393 757 illud
414 713 484 754 oum
505 695 539 754 S.
555 692 734 770 Augustino
759 696 970 766 mementote,
992 694 1078 769 quod
1105 696 1185 753 alian

229 792 389 852 Dominus
409 788 499 850 Iesus
521 785 668 847 Christos
688 788 871 862 appellatas
890 787 959 864 saie
973 787 1136 858 seductor,
1160 814 1178 835 ιι

230 886 386 971 solatiam
407 899 571 942 servornm
593 896 741 951 sacram,
768 880 901 960 quando
922 881 1090 941 dicantur
1113 881 1185 940 seda

230 986 331 1039 atores
352 975 410 1053 (l).

174 1113 178 1128 ,
290 1071 325 1132 Si
346 1070 453 1146 itaque
475 1067 652 1138 huiusmodi
674 1070 723 1128 est
743 1069 846 1128 status
861 1066 1038 1126 Avenionis
1053 1071 1091 1128 et
1104 1065 1173 1130 Gon'

230 1169 317 1227 tatus
331 1162 504 1233 Venaisini,
528 1163 566 1222 ad
588 1178 725 1221 mensem
748 1178 844 1238 usque
858 1160 1075 1221 Februarium
1100 1159 1172 1240 pro'

198 1277 209 1304 ·
228 1278 278 1320 me
293 1259 445 1336 elapsum,
461 1256 530 1316 iure
545 1273 581 1316 ac
595 1254 710 1316 merito
724 1254 758 1314 in
772 1259 892 1316 certam
910 1272 995 1332 spem
1011 1256 1165 1316 adducin·

228 1353 308 1424 iore,
331 1355 368 1410 ut
388 1349 478 1426 pauci
494 1343 617 1427 letiam,
638 1347 691 1424 qni
712 1346 743 1406 in
766 1364 876 1408 esrnre
896 1351 930 1408 et
951 1347 984 1406 in
1006 1348 1161 1424 infidelita

227 1445 453 1522 perstiterunt,
470 1443 669 1519 resipiscant,
691 1443 724 1502 et
745 1442 918 1502 multorum
933 1446 1047 1519 partes
1069 1463 1183 1521 aequ*⁴

227 1541 293 1598 tur.
311 1535 370 1597 Sed
386 1535 585 1596 dissimulare
608 1552 803 1612 nequaquam
825 1553 987 1612 possumus
1002 1556 1129 1598 novum
1140 1535 1185 1596 ab*

227 1629 322 1690 minis
344 1647 453 1707 genus,
469 1631 549 1706 quod
570 1647 589 1688 a
609 1631 772 1691 conventu
795 1628 949 1689 nationali
971 1629 1179 1706 patratumesl

228 1725 355 1786 decreto
377 1723 440 1783 diei
462 1724 481 1782 3
502 1722 674 1800 superioris
695 1723 810 1782 mensis
828 1722 950 1783 Martii.
966 1724 1036 1784 Hoc
1051 1725 1185 1810 animle,

228 1820 314 1880 creto
336 1816 385 1876 ins
406 1815 466 1875 sibi
488 1816 655 1894 arrogavit
682 1815 843 1876 dividendi
869 1821 994 1876 nostras
1025 1817 1167 1878 Avenion'

228 1915 263 1972 et
290 1912 467 1974 Comitatus
494 1910 658 1971 Venaisini
685 1909 823 1969 ditiones
850 1910 883 1970 in
912 1910 990 1970 duos
1019 1911 1158 1972 districtu

227 2007 410 2081 easdemque
431 2003 585 2064 subiicere
606 2003 724 2082 duplici
746 2003 890 2066 Rhodani
916 2022 952 2065 ac
973 2003 1183 2082 brumaepso'

1159 1815 1185 2130 ζιμ

225 2192 360 2265 edicere,
377 2194 414 2251 ut
427 2191 512 2268 leges
526 2208 632 2250 omnes
647 2190 762 2250 Gallici
777 2190 902 2268 imperii
922 2192 1011 2252 nulla
1026 2193 1175 2254 inseram

226 2302 317 2346 mora
340 2285 372 2344 in
398 2282 576 2344 huiusmodi
600 2284 696 2344 etiam
714 2287 832 2346 Nostra
853 2285 973 2346 ditione
997 2281 1166 2350 exsecuta·

227 2379 428 2451 mandentur,
441 2379 537 2454 utque
549 2376 693 2454 singulae
704 2377 972 2455 municipalitates
984 2385 1161 2443 renoventur·
1182 2431 1183 2454 ,

226 2473 327 2536 Novis
347 2474 512 2549 praeterea
533 2470 611 2530 latis
632 2470 762 2531 subinde
780 2472 918 2533 decretis
932 2479 1086 2537 revocari
1106 2469 1167 2536 iusi

226 2565 364 2627 militum
393 2566 491 2625 aciem
517 2565 555 2624 de
581 2567 613 2624 la
637 2564 771 2636 Marce,
800 2564 890 2643 eique
918 2568 1090 2647 subrogari
1115 2568 1170 2628 alise

227 2660 360 2732 milites3
376 2658 448 2735 quin
471 2657 566 2715 immo
588 2656 663 2733 ipsis
678 2656 872 2718 Rau-istorum
893 2660 1018 2736 populis
1034 2659 1182 2738 horrenti·¹

227 2752 285 2812 bus
304 2755 398 2828 atque
418 2748 661 2822 admirantibus,
683 2768 720 2809 eo
741 2749 837 2810 etiam
855 2752 997 2825 devenit,
1016 2758 1054 2815 ut
1067 2739 1182 2815 iusserit

227 2844 405 2906 carceribus
427 2842 559 2902 liberari
579 2861 617 2903 aa
637 2847 789 2916 monstra,
812 2863 890 2922 quae
911 2845 962 2904 die
986 2847 1027 2907 16
1048 2843 1171 2908 Octobris

226 2937 325 3015 elapsi
348 2935 433 3010 anni,
456 2938 521 2996 tam
542 2935 670 3012 indigno
692 2940 817 3014 tamque
840 2939 1032 3017 pervulgato
1054 2941 1146 3002 facino
1179 2939 1180 2942 ’

225 3049 258 3092 se
278 3030 485 3108 polluaruut3
512 3031 546 3089 et
569 3047 631 3088 non
657 3030 722 3091 alia
748 3031 872 3093 ratione
898 3031 927 3091 id
953 3032 1107 3108 iusserit,
1146 3025 1170 3044 ''

225 3124 298 3202 quia
319 3122 351 3182 in
373 3122 496 3200 magnis
517 3139 623 3182 rerum
644 3123 902 3185 conversionibus
922 3126 1038 3187 haberi
1058 3145 1113 3204 pro

224 3217 311 3277 lictis
334 3217 489 3294 nequeant
511 3216 660 3293 graviora
684 3217 825 3291 scelera,
852 3235 928 3295 quae
954 3223 1065 3295 gentes
1093 3218 1133 3278 eti

225 3310 377 3372 barbarae
398 3315 492 3389 atque
514 3311 652 3373 incultae
671 3312 872 3373 detestantur
889 3314 927 3372 st
946 3309 1180 3404 exhorrescunt<

285 3513 323 3570 (1)
340 3512 420 3573 Super
430 3514 523 3563 Psslm.
535 3519 627 3565 LXIII.
639 3530 706 3568 vers.
719 3519 742 3566 7.
