2374 4196
634 231 672 246 -
693 202 754 262 352
774 233 812 246 -

243 306 421 367 abbatissae
434 309 558 379 eptem,
574 305 665 367 iuxta
683 309 838 386 synodum
852 303 1150 385 Aquisgranensenll)‚

241 418 339 478 prope
362 409 493 478 portam
521 405 715 462 monasterii
721 424 735 474 ,·
755 419 811 462 vos
839 403 987 478 denique,
1008 399 1119 478 capitula
1132 406 1150 456 st

243 493 380 553 cuiusvis
408 493 532 570 generis
559 493 772 554 Ecclesiastici
801 494 863 554 viri
888 495 1022 572 inelytee
1039 481 1161 553 Ecclesia

208 585 209 588 ’
243 586 465 658 Germanicae,
480 591 567 647 certo
589 586 772 647 confidimus
793 587 878 661 fore,
895 592 931 647 ut
946 585 1055 665 gloriae
1067 589 1151 644 vestra

242 701 309 742 esse
329 680 548 752 arbitremini,
572 681 598 740 si
621 682 727 741 dutum
751 683 839 742 vobis
861 683 925 743 erit
946 701 983 743 ee
1002 683 1162 758 hortamenti

243 775 438 852 adimplere,
472 775 584 850 quibus
614 776 646 835 S.
675 776 865 837 Tridentinis
884 777 1026 853 Synodus
1048 773 1152 833 admouet

243 884 455 946 quoscumque
469 868 700 929 Ecclesiastico
713 871 870 948 beneficia
890 871 1066 930 saecularia
1078 879 1155 924 sture

244 965 381 1039 pataria
393 963 583 1033 obtinentes,
593 971 631 1021 at
641 962 877 1038 hospitalitatis
885 963 1030 1038 officiam,
1040 957 1156 1020 abila·

245 1059 348 1116 tribas
372 1059 569 1134 frequenter·
587 1056 862 1127 commendatam,
887 1065 1044 1134 quautam
1062 1071 1109 1131 per
1124 1069 1154 1108 a·

207 1139 210 1146 ’
244 1169 319 1210 ram
335 1158 513 1227 provectas
534 1151 655 1223 licebit,
672 1158 820 1227 prompte
842 1152 1038 1228 beaipaeqae
1055 1157 1156 1208 eacan

246 1252 452 1316 assuescant,·
465 1260 617 1304 memores
638 1245 704 1316 ecs,
721 1247 781 1322 qai
802 1245 1054 1320 hospitalitatem
1071 1243 1156 1306 amati

247 1336 411 1398 Christum
440 1341 476 1396 ia
497 1337 675 1413 hospitibus
701 1341 843 1414 recipere
863 1339 919 1415 (2).
945 1333 1138 1405 Quemadmodu

245 1445 323 1491 vero
343 1432 450 1490 eadem
472 1431 659 1491 Tridentino
679 1432 824 1508 Synodus
838 1431 992 1508 episcopis
1005 1427 1134 1490 committe

245 1527 319 1586 dum
340 1525 466 1584 curavit
486 1542 562 1584 onus
584 1525 751 1586 charitatis
772 1525 948 1584 huiusmodi
971 1525 1026 1604 (3),
1045 1524 1085 1582 ite
1101 1515 1159 1578 niui-

246 1637 294 1679 me
308 1618 486 1679 dubitemus
499 1620 573 1696 quin
589 1637 656 1692 voS,
674 1621 869 1680 venerabiles
884 1619 1014 1693 iratres,
1030 1636 1080 1677 non
1093 1631 1157 1675 exeu-

244 1713 307 1791 plis
329 1713 435 1782 modo,
459 1713 511 1772 sed
534 1711 639 1771 verbis
665 1715 761 1772 etiam
783 1717 817 1772 et
837 1713 1065 1774 hortationibus
1084 1705 1157 1768 vestris

245 1807 454 1884 comparanda
475 1806 592 1866 curetis
614 1805 793 1866 infelicibus
813 1806 899 1866 hisce
921 1808 1023 1868 Gallis
1042 1804 1158 1883 presbyte-

246 1901 309 1974 ris,
332 1917 410 1977 quae
431 1899 608 1975 comparari
630 1916 687 1975 per
716 1918 770 1959 vos
798 1905 968 1977 poterunt,
992 1900 1097 1960 maiore
1115 1892 1158 1951 sut·

245 1994 342 2065 sidia,
362 1995 461 2052 donec
482 1992 703 2067 adspiraverit
724 1992 792 2051 alies
812 1995 1157 2065 consummatarum

243 2107 305 2167 pas
327 2090 421 2164 pacis
448 2085 492 2144 ad
518 2101 576 2144 rios
602 2085 822 2157 descenderit,·
843 2086 946 2146 veluti
969 2087 1050 2147 dixit
1067 2083 1166 2152 Alenus,

203 2239 205 2242 ,
247 2185 304 2242 der
323 2183 379 2253 111,
406 2180 622 2256 praedecessor
636 2178 761 2251 Noster,
778 2180 851 2237 dum
865 2179 1092 2241 Ecclesiasticus
1103 2189 1153 2250 qut·

246 2279 315 2336 dam
337 2274 423 2333 viros
443 2271 695 2344 commendebat,
718 2289 793 2347 quos
814 2271 888 2331 fidei
909 2289 1017 2332 osores
1036 2267 1138 2332 crudelis
1166 2287 1168 2340 ι

247 2369 485 2429 insectebantur
499 2363 555 2443 (4).
1136 2443 1139 2452 Ι

306 2461 449 2523 Plurima
463 2457 587 2535 quidem
602 2459 676 2516 sunt
689 2457 912 2530 emolumenta,
929 2475 1010 2533 quse
1023 2459 1094 2517 Deus
1106 2453 1150 2523 bit·

246 2573 315 2615 mus
335 2552 491 2614 Maximus
513 2550 673 2627 pollicitus
694 2552 759 2621 est,
775 2567 913 2625 quaeque
934 2567 1057 2626 semper
1069 2535 1153 2606 contulit

247 2649 301 2722 iis,
324 2647 376 2724 qui
397 2643 625 2722 hospitalitatis
646 2643 738 2702 laude
759 2642 951 2702 floruerunt:
975 2644 1092 2718 Nosque
1106 2637 1156 2693 arc

246 2741 389 2801 futurum
404 2736 597 2809 confidimus,
614 2743 650 2794 ut
664 2736 721 2794 hoc
735 2733 865 2811 pietatis
879 2751 968 2810 opus,
984 2751 1052 2794 cum
1071 2719 1168 2808 public'tt

246 2833 391 2911 precibus
402 2831 505 2904 ¹simul
526 2829 743 2902 coniunctum,
761 2828 873 2888 debeat
886 2828 1041 2887 maturius
1053 2809 1168 2898 esncout

197 2916 203 2927 ⁸
246 2926 429 2987 solationem
457 2926 491 2984 et
510 2940 617 2999 paoem
644 2921 741 2982 Nobis
768 2921 900 2993 afferre,
925 2939 1017 2996 quem
1043 2919 1139 2988 tentae

247 3023 448 3097 exoptamus3
471 3018 544 3077 dum
566 3015 694 3077 interim
716 3014 823 3089 vobis,
846 3015 1042 3076 venerabiles
1060 3011 1133 3072 Fran

308 3299 342 3352 (1)
353 3298 402 3343 Au.
411 3297 465 3354 816,
477 3295 522 3342 lib.
534 3296 568 3352 11,
579 3307 634 3354 cap.
646 3295 685 3351 28,
697 3292 764 3352 upud
774 3292 904 3341 Lebbcum
915 3293 958 3339 cit.
968 3293 1029 3340 tom.
1041 3291 1080 3340 Π.
1089 3277 1145 3333 coit

307 3375 342 3427 (1)
360 3374 427 3419 Sese.
439 3374 477 3418 25.
491 3370 521 3418 dc
531 3372 634 3418 retem.
647 3382 702 3430 esp.
715 3371 786 3417 VIII.

308 3448 343 3501 (b)
359 3451 419 3494 Loc.
433 3448 476 3494 cit.
485 3449 514 3494 et
523 3460 586 3494 cess.
598 3447 621 3494 7.
633 3446 664 3493 be
675 3446 778 3492 retum.
791 3458 847 3504 cap.
859 3445 938 3493 XXII.

310 3524 344 3578 (4)
361 3525 455 3570 Busan.
469 3521 502 3570 ud
513 3535 555 3570 en.
568 3523 637 3581 1164,
647 3535 716 3569 num.
728 3523 768 3570 41.
