2386 4194
635 229 814 290 -182-

243 353 299 395 nns
321 333 415 410 inire,
437 338 471 396 et
491 336 715 413 possessionem
737 353 849 415 capere
870 353 944 398 cum
962 336 1125 406 militibus·
1134 351 1177 393 non

242 428 403 488 recusarit
422 447 460 490 ea
481 430 566 491 ultro
587 430 786 509 libenterque
815 433 923 510 clopic
942 430 1101 507 excipere,
1120 445 1178 506 quse

243 521 280 582 ed
302 540 347 596 se,
363 527 521 600 tamqnam
543 523 581 584 ad
603 525 970 586 seditioniscolcmnam
984 522 1178 583 deferebantur

214 619 310 676 vtum
332 632 352 675 a
371 615 545 676 Biclaro-tio
573 616 719 679 civitatis
744 617 924 696 praefecto,
946 621 1014 678 tum
1035 635 1054 678 a
1077 615 1180 692 Vinopo

242 707 417 772 substituto
438 711 655 789 procuratoris
676 711 814 772 eiusdem
829 711 985 786 civitatis3
1000 714 1036 772 et
1046 713 1081 772 ad
1096 713 1179 770 eitra·

243 820 326 862 mum
348 807 492 865 moratus
505 823 566 865 non
588 807 639 865 cst
658 807 733 866 haec
755 806 859 868 omnia
873 825 954 866 novo
975 804 1072 867 etiam
1087 804 1177 865 scelere

242 896 414 958 cumulare.
429 897 555 958 Etenim
576 915 682 961 coram
703 899 845 959 omnibus
866 915 898 958 se
920 900 1023 958 denuo
1044 896 1130 957 'civici
1146 913 1179 955 sr-

242 988 397 1049 cromenti
418 989 545 1052 vinculo
566 993 741 1053 adstrinxit
762 1011 839 1071 erga
860 992 1039 1065 nationem,
1062 1008 1131 1068 erga
1147 989 1178 1049 le·

242 1099 308 1160 ges,
320 1086 354 1143 et
374 1097 451 1161 erga
471 1101 578 1162 regem
592 1085 783 1159 Galliarum,
800 1085 899 1163 iisque
914 1103 989 1145 usus
1006 1083 1120 1155 verbis,
1132 1082 1176 1159 qni·

240 1175 299 1236 bns
322 1195 359 1236 ne
388 1176 652 1254 impudentissimi
682 1178 806 1255 quidem
834 1178 883 1238 nsi
904 1181 999 1238 erant
1025 1177 1059 1236 in
1082 1175 1173 1246 Galliis,

240 1268 387 1346 promisit
399 1287 432 1329 se
446 1268 611 1348 praecipue
625 1270 752 1330 civilem
767 1271 852 1332 Oleri
866 1271 1125 1331 constitutionem
1136 1283 1173 1326 sor·

241 1365 404 1438 naturum,
419 1363 569 1441 quidquid
592 1363 650 1423 sibi
672 1383 712 1425 ex
732 1365 865 1426 adverso
887 1365 1082 1426 obiiceretnr
1102 1363 1168 1424 obst

243 1455 325 1528 culi,
347 1460 381 1516 et
401 1455 550 1534 quidquid
580 1458 629 1516 sui
657 1459 863 1519 mussitarent
888 1457 956 1518 sive
984 1450 1169 1530 inimicari

243 1548 499 1613 reformationem
520 1549 607 1610 limis
627 1550 833 1612 intuebantur
848 1549 958 1624 oculis,
974 1552 1046 1612 sive
1067 1550 1173 1619 amicis

241 1644 353 1721 quibus
374 1661 405 1705 se
428 1645 555 1707 ridebat
575 1645 762 1722 derelinqui.

302 1738 336 1797 ld
358 1740 395 1798 nt
415 1737 508 1797 iactis
530 1737 630 1816 magis
650 1739 812 1817 magisque
840 1737 1081 1815 comprobaret,
1101 1736 1180 1796 eaden

241 1829 290 1891 die
308 1831 459 1908 scriptum
480 1833 633 1908 quoddam
654 1831 853 1892 circumferri
867 1832 1022 1892 iussit'ad
1041 1829 1180 1912 parcetur

241 1923 274 1982 iu
295 1942 355 2001 que
370 1928 404 1984 et
425 1925 465 1986 dc
484 1925 556 1986 sede
569 1934 710 1988 outcome
732 1926 829 1987 verba
849 1925 997 1996 iaciebat,
1011 1927 1048 1985 et
1068 1922 1175 2004 quadri·

241 2021 407 2096 perimatis
421 2021 579 2098 praecepti
593 2020 754 2081 vinculum
777 2021 887 2083 laxare
901 2020 1051 2081 audebat.
1065 2019 1116 2080 Die
1127 2029 1174 2073 vcro

240 2111 413 2173 Ociusdem
432 2113 558 2186 mensis,
574 2131 630 2190 per
643 2114 728 2174 eliud
751 2113 854 2174 simile
869 2114 1023 2191 scriptum
1040 2129 1091 2172 eos
1104 2121 1174 2170 cnut

241 2203 281 2264 ab
301 2203 455 2264 exercitio
474 2207 614 2266 muneris
635 2207 826 2279 interdicit,
848 2206 902 2281 qui
915 2220 1041 2282 quoquo
1062 2205 1174 2265 modost

241 2297 397 2356 minorita
416 2301 608 2374 praeessent,
630 2317 667 2358 eo
688 2301 768 2376 qnod
783 2298 1000 2358 iusiurandum
1016 2293 1179 2364 deferret

241 2391 444 2463 tractassent3
466 2391 526 2451 duo
546 2392 643 2452 etiam
666 2392 797 2452 subinde
811 2390 981 2450 seminaria
994 2408 1013 2450 e
1027 2385 1179 2451 mediceo*

242 2481 338 2557 tulit3
360 2488 394 2544 ct
414 2485 596 2546 temeritate
617 2486 749 2562 denique
771 2488 881 2557 tauta,
902 2485 1024 2562 quauta
1045 2481 1125 2543 credi
1140 2475 1171 2534 rit

242 2593 278 2660 ac
298 2593 337 2636 ne
358 2577 415 2636 vix
435 2577 560 2662 quidem
582 2581 698 2655 posset,
710 2575 832 2636 litteris
851 2574 935 2637 datis
955 2574 1008 2634 die
1029 2575 1052 2636 5
1071 2571 1173 2634 eineder

241 2671 357 2731 mensis
381 2673 447 2733 Nos
468 2670 608 2732 reddidit
631 2673 747 2731 desua
772 2671 924 2732 electione
951 2669 1119 2740 certiores,
1135 2662 1178 2722 Nil

240 2765 473 2844 ipsosrogans,
495 2773 533 2826 ut
553 2767 739 2827 electionem
753 2767 868 2824 satim
880 2778 975 2822 suam
995 2763 1127 2822 minime
1136 2758 1178 2850 im

235 2860 458 2936 probaremus.
473 2857 558 2926 Quae
579 2875 648 2916 cum
670 2857 718 2916 ita
738 2855 815 2930 sint,
835 2854 995 2916 dubitabit
1018 2845 1178 2938 nemchtl

240 2952 297 3013 ille
310 2955 473 3014 maculam
488 2959 587 3030 atque
600 2953 856 3012 concretionem
868 2967 947 3011 succ
960 2951 1117 3014 encoma·
1127 2957 1174 3005 cot·

241 3049 397 3126 quisicrit
415 3046 472 3126 (1).

300 3139 367 3202 Ista
380 3141 503 3201 ratione
524 3155 581 3215 per
594 3138 759 3199 civitatem
781 3137 1030 3199 Aveuionensem
1048 3135 1172 3197 nobiscnn

242 3235 346 3294 actum
376 3236 436 3295 est.
457 3234 505 3295 Ad
535 3231 878 3310 Carpentoroetcmcm
906 3237 1012 3292 autem
1042 3229 1172 3292 civium

242 3329 321 3405 qnod
343 3327 480 3402 attinet,
503 3325 641 3404 aliasque
664 3323 844 3386 Comitatus
864 3325 1118 3394 communitates,
1136 3327 1177 3384 11⁰¹}

242 3420 367 3481 dubiam
387 3420 527 3498 proiecto
542 3420 619 3481 illae
643 3419 675 3479 iu
695 3417 900 3495 Nobis·.spem
923 3411 1177 3506 excitaremus}

306 3540 340 3593 ‹1›
357 3535 846 3596 mb;11,iiaohet.cep.vl‚vere.ao.
955 3549 958 3558 =
1028 3551 1032 3560 ·
