2456 4192
415 217 453 232 ..
475 188 515 250 53
535 221 574 236 ..

21 297 139 369 sionem,
156 315 248 375 quam
269 296 432 375 pollicitus
446 300 497 358 eat
510 297 668 359 Ecclesiae
689 314 775 371 suae,
792 315 830 357 ne
844 297 877 358 in
892 315 978 376 pres·

21 389 92 450 suris
111 396 206 468 atque
221 390 378 468 angustiis
393 391 585 453 succumbat.
600 390 733 452 Interim
745 391 894 452 Nostram
909 409 978 452 sue

21 487 115 544 mutat
149 484 396 558 infirmitatem,
434 483 576 562 lenitqde
606 483 704 546 animi
734 483 977 545 amaritudinem

21 577 204 638 antistitum
227 577 350 637 Galliae
380 578 507 653 virtus,
537 577 590 655 qni
618 582 747 640 strenue
775 596 833 657 pro
860 579 978 641 sanetis

22 673 96 730 stant
115 670 306 749 disciplinis,
322 689 358 734 ac
373 671 602 734 Canonicarum
617 670 821 734 Sanctionem
836 691 869 734 se
884 690 977 750 prae·
1083 707 1087 717 ·

26 761 85 822 bent
103 763 262 825 zelatores
280 763 427 839 eximios,
441 782 518 842 qnos
540 782 648 829 omnes
669 783 751 826 nunc
764 765 978 844 spectaculum

29 859 110 920 veluti
130 859 241 921 factos
257 861 390 939 Angelis
409 864 443 922 et
462 861 640 922 homiuibus
660 861 786 924 hortari
800 862 833 922 in
847 863 978 924 Domino

29 968 72 1010 non
93 970 267 1027 cessamus,
290 958 327 1014 nt
346 953 543 1014 constantiae
564 971 601 1014 ac
621 953 819 1016 fortitudinis
843 959 979 1033 pergant

27 1047 161 1120 praebere
183 1048 385 1120 documenta,
400 1065 437 1108 ac
450 1047 522 1106 dum
537 1047 694 1110 charitate
714 1047 747 1108 in
769 1065 875 1108 omnes
888 1065 979 1126 prae·

26 1135 116 1198 lucere
130 1141 275 1213 student,
288 1139 447 1201 Ecclesiae
461 1139 580 1201 addant
593 1139 871 1218 pulchritudinem,
884 1146 978 1218 atque

26 1230 147 1292 hostium
176 1232 349 1293 devincant
379 1232 542 1293 duritiam.
570 1235 690 1294 Horum
718 1251 847 1294 numero
874 1233 978 1294 locum

28 1325 213 1403 conspicuum
235 1325 354 1386 iamdiu
368 1324 441 1386 Tibi
459 1325 594 1386 dandum
614 1325 828 1403 cognovimns,
847 1344 883 1386 ac
903 1344 980 1387 eun-

26 1419 84 1478 dem
103 1419 173 1490 Tibi
203 1417 370 1480 vindicant
396 1418 548 1496 ipsaemet
571 1417 716 1480 Litterae
740 1419 845 1492 Tuae,
868 1419 980 1496 quibus

30 1509 222 1590 intelligimus
243 1529 300 1589 per
322 1510 472 1588 epistolas
492 1510 574 1571 Oves
595 1511 679 1570 Tuas
699 1512 784 1571 omni
806 1512 912 1572 studio
933 1514 979 1574 Te

34 1603 146 1680 bormri,
156 1611 254 1683 atque
276 1605 455 1677 admonere,
472 1621 511 1662 ne
524 1603 563 1664 ab
577 1603 677 1664 officio
690 1604 871 1679 deflectant,
884 1621 980 1682 quum

35 1713 77 1756 eas
100 1717 191 1761 coram
225 1699 342 1776 alloqui
372 1699 508 1776 prudens
536 1716 595 1758 non
624 1698 774 1760 videatur
800 1698 977 1760 consilium.

31 1791 119 1868 Neque
138 1795 184 1854 'le
205 1795 370 1854 deterreat
392 1791 564 1852 multitudo
588 1808 708 1866 eornm,
730 1809 806 1868 quos
827 1792 865 1852 de
886 1792 979 1854 Olero

32 1885 87 1944 Tuo
106 1889 141 1946 ad
162 1884 282 1948 saeculi
304 1889 412 1964 partes
434 1886 599 1946 deflectere
619 1885 859 1948 animadvertis.
878 1887 980 1954 Quum

35 1980 146 2041 enimin
161 1984 256 2042 tanta
266 1979 472 2057 Reipublicae
483 1979 735 2057 perturbatione,
744 1997 780 2040 ac
789 1981 980 2042 seductionis

33 2075 87 2132 arte
100 2074 331 2152 praevaricatio
345 2075 421 2135 baec
435 2073 539 2152 potius
553 2075 591 2135 ad
606 2073 704 2135 animi
719 2074 978 2153 trepidationem,

31 2170 162 2241 quemad
183 2168 370 2228 obduratam
390 2167 494 2228 cordis
515 2166 708 2244 pravitatem
729 2168 897 2230 referenda
922 2167 977 2242 sit,

28 2259 57 2317 de
75 2278 179 2322 eornm
207 2260 404 2338 correptione
431 2260 509 2320 bene
535 2261 722 2340 sperandum
752 2262 901 2331 videtur,
924 2259 979 2323 ubi

27 2356 197 2428 praesertim
219 2354 409 2432 pastoralem
421 2354 544 2430 virgam
559 2371 578 2414 a
592 2355 833 2414 mansuetudine
848 2354 979 2415 minime

28 2446 200 2510 disiunctum
222 2451 253 2508 in
276 2466 330 2508 eos
351 2449 510 2527 sapienter
530 2447 689 2508 adhibeas.
706 2447 791 2516 Quod
814 2465 888 2509 sane
907 2467 981 2509 con·

32 2539 138 2615 silium,
164 2547 202 2603 ut
231 2543 354 2603 firmior
382 2541 456 2602 'l'ibi
484 2541 528 2602 sit
554 2541 633 2601 bene
661 2541 807 2618 sperandi
837 2541 978 2616 animus,

35 2633 121 2710 reipsa
140 2637 308 2697 confirmat
328 2653 387 2696 non
414 2635 547 2714 exignus
574 2651 685 2695 eorum
713 2649 879 2709 numerus,
904 2651 980 2711 quos

31 2722 55 2785 in
72 2728 140 2788 aliis
160 2729 336 2791 Galliarum
356 2729 555 2790 Dioecesibus
579 2745 654 2788 auae
680 2725 892 2788 aber-rationis
912 2727 980 2789 iam

30 2820 206 2894 poenituisse
228 2821 450 2899 intelligimus.
466 2824 548 2882 Deus
565 2821 854 2882 misericordiarum
869 2819 981 2882 maiori

31 2913 67 2972 Te
84 2915 115 2975 in
136 2917 200 2976 dies
215 2917 338 2977 virtute
353 2916 476 2977 muniat
495 2917 533 2978 ad
556 2917 756 2995 perferendas
771 2917 885 2977 horum
901 2922 979 2977 tem·

31 3023 130 3081 porum
150 3009 358 3084 calamitates;
373 3009 647 3088 Fraternitatique
668 3013 754 3083 tuae,
775 3027 867 3087 quam
887 3009 980 3072 enixo

31 3117 126 3160 amore
138 3103 361 3180 prosequimur,
374 3102 589 3180 Apostolica'm
598 3102 855 3164 Benedictionem
866 3103 980 3167 intimo
1089 3089 1096 3112 x

30 3194 123 3253 cordis
138 3195 259 3268 affectu,
275 3213 311 3255 ac
325 3198 527 3272 peramanter
540 3194 755 3272 impertimur.

82 3287 192 3346 Datum
212 3291 329 3350 Romae
350 3290 431 3365 apud
447 3288 480 3348 S.
490 3288 676 3349 Petrum-v.
693 3288 765 3348 Idus
787 3287 982 3351 Februarias

33 3375 208 3453 uncoxcl,
223 3381 430 3443 Pontificatus
444 3381 554 3443 Nostri
568 3383 658 3443 Anno
672 3381 757 3442 XVI.

279 3471 437 3534 Callistus
450 3473 619 3535 Matrinius
630 3491 652 3533 a
669 3473 744 3534 Lat.
758 3469 862 3551 Epist.
875 3474 979 3535 ssmi.
