2374 4196
414 201 452 216 -
473 169 592 230 455-

122 278 244 357 excepti
259 277 358 338 fuerit
368 275 571 337 ecclesiastici
585 275 647 337 riri
660 293 718 353 pro
730 275 905 353 apostolica

122 374 184 434 fide
204 372 325 444 exules,
348 389 447 449 quave
469 370 592 432 ratione
614 371 720 448 plures
747 370 902 431 Sabaudia

123 466 281 543 emigrare
292 463 469 524 debuerint.
483 467 588 542 Rogat
598 462 820 524 amantissimis
832 480 904 522 ver-

122 561 182 635 bis,
205 563 242 620 ut
262 559 295 619 in
316 557 484 618 Germania
503 556 727 634 excipientem
772 601 780 618 .
821 574 899 635 pay.
923 556 983 616 348

18 657 102 719 1792
122 657 163 718 24
182 651 370 716 Novembris
384 685 400 698 ·
415 653 502 717 Quae
530 668 638 711 cansa.
660 651 903 724 Arohlepisoo-

120 755 191 826 pls,
202 753 400 823 Episcoplu
419 755 455 810 ct
471 749 624 810 vicariis
644 751 901 820 capitularibus

124 848 279 918 quinque
305 845 560 915 provinciarum
587 847 705 904 status
732 846 903 905 Ecclesia·

124 942 219 1013 etlci,
241 945 276 1000 et
295 943 488 1000 Ducetuum
508 940 634 998 Urbini
655 943 691 997 et
710 940 904 998 Ferrerien·

124 1037 186 1106 sis,
201 1048 264 1092 nec
280 1048 349 1091 non
365 1034 565 1102 negationis
581 1033 821 1092 Bononiensis.
843 1034 905 1092 lm·

124 1127 330 1206 pendentibus
352 1123 549 1204 gravissimis
570 1124 663 1184 malis
682 1127 721 1185 ad
750 1125 903 1186 orationis

123 1221 311 1300 praesidinm
333 1220 469 1280 alacrius
490 1239 557 1280 esse
578 1219 829 1298 confugiendum.
853 1223 905 1282 Id-

124 1318 207 1377 circo
228 1317 366 1398 publicas
379 1317 631 1394 supplicationes
644 1315 769 1391 indicit,
785 1335 821 1376 ac
836 1318 904 1394 ple·

125 1409 230 1470 nerias
263 1411 460 1487 peccatorum
488 1409 702 1486 indulgentias
733 1411 767 1470 in
801 1410 905 1472 forme

124 1502 416 1564 Iubilaeiconcedit
459 1549 467 1565 .
511 1523 518 1564 ς
565 1549 839 1566 ......
883 1504 984 1568 »353

126 1599 147 1658 3
166 1597 344 1659 Decembris
358 1629 372 1643 ·
385 1597 442 1657 Ec
461 1597 597 1659 Nostrae
617 1599 726 1659 buirus.
749 1599 906 1660 Consiste-

125 1687 216 1752 rialis
237 1692 400 1767 allocutio,
416 1713 477 1770 qua
490 1694 673 1752 imminente
688 1693 791 1766 bello,
813 1694 905 1772 quin·
1024 1754 1026 1760 .

126 1791 221 1865 gente
242 1786 343 1848 millia
371 1793 529 1848 scutorum
558 1807 575 1847 e
604 1788 752 1849 sanctiori
780 1789 905 1850 aerario

125 1880 207 1940 arcis
219 1881 251 1940 S.
265 1881 379 1958 Angeli
392 1882 428 1941 de
441 1881 572 1941 consilio
585 1884 617 1941 et
628 1899 754 1942 assensu
766 1882 799 1942 S.
813 1885 853 1944 R.
867 1885 903 1944 E.

126 1953 339 2034 Gerdinalium
361 1975 489 2035 extrahi
511 1974 598 2035 iubet
618 2021 839 2036 .....
883 1994 902 2036 a
923 1977 983 2038 362

127 2066 166 2128 10
187 2067 364 2128 Decembris
380 2101 399 2114 -
412 2071 577 2128 Decretum
599 2069 777 2130 cardinalis
799 2070 835 2128 de
851 2072 906 2130 Ze·

125 2160 210 2232 lada,
233 2179 293 2239 quo
315 2165 535 2222 declarantur
555 2170 591 2223 et
609 2169 838 2236 prorogantur
850 2164 907 2225 11-

127 2258 276 2316 cultates
291 2273 476 2317 concessae
497 2277 516 2318 1
537 2260 664 2319 Summo
680 2259 832 2319 Pontiflce
845 2261 906 2320 Ar-

125 2346 331 2424 chiepiscopis
352 2353 385 2408 et
405 2349 565 2427 Episcopis
591 2370 626 2411 ac
648 2351 832 2414 dioecesium
858 2369 910 2411 re·

126 2440 180 2518 gni
202 2441 735 2508 GalliarumAdministratoribus.
781 2492 789 2506 .
835 2491 842 2507 .
887 2445 986 2506 »366

334 2592 673 2656 surrnnunnrum
741 2665 744 2670 ,

24 2723 109 2789 1790
133 2725 299 2786 17111111-
319 2727 373 2786 Ad
399 2730 570 2803 plurimas.
603 2732 778 2790 Clementi
804 2733 905 2790 wen-

128 2823 242 2880 ceslao
263 2821 534 2892 Archlepisoopo
557 2824 751 2881 'rnerirensi
772 2829 808 2883 et
828 2827 907 2895 Epi·

128 2929 232 2984 scopo
246 2913 444 2983 Augustino
457 2918 736 2987 S.R.1.Principi
744 2920 906 2980 Electori.

128 3007 221 3068 Dolet
235 3009 272 3067 de
293 3009 413 3069 damnis
433 3030 452 3072 a
472 3011 648 3072 Nationalis
663 3013 843 3072 Conventus
857 3015 909 3072 de-

129 3102 226 3160 cretis
240 3106 352 3164 contra
372 3104 572 3165 Trevirensis
592 3105 748 3166 Ecclesiae
770 3106 840 3165 iura
865 3107 907 3166 il-

131 3195 216 3256 latis.
241 3198 297 3256 Ait
318 3214 349 3257 se
371 3197 451 3258 nihil
473 3217 687 3260 concessurum
703 3202 781 3279 qudd
795 3202 827 3260 in
840 3201 907 3260 eius

129 3289 351 3350 detrimentum
374 3294 465 3353 cedat
514 3338 843 3355 .......
888 3294 988 3356 »368

64 3403 87 3446 r
128 3383 164 3444 21
179 3382 262 3442 iunii
276 3413 290 3427 ·
304 3382 599 3446 erctucsr'ssimum.
613 3389 786 3446 nudovlco
802 3389 904 3448 01111.

129 3479 173 3538 de
182 3481 314 3539 lichen.
327 3480 598 3552 archiepiscopo
613 3482 907 3552 Argentoratensl.
