2386 4194
654 181 832 244 -130-

259 295 310 356 dio
332 295 515 369 exspectare
536 307 612 366 prae
627 291 671 348 Te
692 289 757 348 iore
771 289 810 350 ab
831 290 889 351 hac
905 289 1078 366 Apostolica
1090 289 1177 360 Sedes

260 407 321 466 que
342 386 443 446 omnis
464 382 611 460 legitima
630 382 737 442 missio
757 382 979 468 Ecclesiastico
999 383 1131 443 dimanat.
1142 383 1179 440 Pe

261 480 303 543 tis
324 480 430 556 itaque
451 495 470 538 a
489 477 607 550 Nobis,
631 476 806 553 significari
828 476 923 550 Tibi,
946 477 1019 554 quid
1046 479 1086 536 Te
1108 476 1176 534 lucen

259 576 418 653 oporteat,
435 572 461 631 si
482 572 567 632 cives
588 572 637 633 tui
659 571 792 631 moleste
813 569 964 642 ferentes,
987 571 1067 631 nolle
1086 570 1177 629 Tele

261 667 383 730 notonsi
404 665 563 727 Ecclesiae
577 665 766 742 Episcopum
787 663 929 740 praefici,
946 666 990 724 Te
1012 664 1101 723 etiam
1118 667 1177 737 ιιιιι

259 761 356 822 etiam
379 761 526 836 urgeant,
543 761 598 832 ut,
620 775 712 834 quem
734 758 894 830 hactenus
908 757 1025 817 merito
1046 753 1177 833 denegasti,

260 857 363 916 Tuum
384 852 532 914 electioni
554 853 696 929 praestes
716 869 886 911 assensum.

306 947 491 1025 ‘Responsio
513 945 633 1006 sanein
655 948 804 1023 promptu
819 947 879 1006 est.
894 946 980 1013 Quae
994 945 1073 1004 enim
1093 943 1170 1004 canoni

258 1059 311 1102 cae
325 1057 437 1101 caueae
452 1042 543 1100 tanta
557 1057 627 1099 cum
642 1039 734 1100 laude
751 1038 888 1099 animum
912 1042 1001 1098 tuum
1016 1037 1176 1104 induxerunt,

260 1136 297 1194 ut
316 1135 468 1194 honorem
483 1133 570 1193 ultro
593 1133 733 1192 oblatum
752 1136 861 1209 sponte
881 1149 1056 1206 recusares,
1070 1149 1116 1192 eac
1132 1129 1176 1188 sati

258 1244 413 1304 superque
434 1229 519 1299 sunt,
536 1229 573 1285 ut
587 1225 659 1286 Tibi
674 1227 884 1302 persuadeant
897 1226 1045 1286 recedere
1060 1227 1100 1284 Te
1112 1243 1126 1283 a
1135 1241 1175 1299 pn·

252 1319 360 1397 posito
387 1337 447 1378 nou
469 1320 602 1392 debere,
625 1337 681 1378 nec
708 1318 843 1378 aliorum
866 1319 987 1392 studio,
1013 1336 1069 1378 nec
1093 1313 1173 1376 iteretis

258 1413 551 1487 constitutionibus,
574 1431 630 1473 nec
651 1412 740 1491 ipsis,
761 1431 839 1491 quae
861 1413 933 1474 Tibi
954 1412 1068 1472 inferri
1088 1412 1171 1470 forus

257 1511 394 1586 possent,
417 1506 649 1567 vexationibus.
673 1507 731 1568 Ubi
753 1508 837 1568 enim
858 1508 916 1566 hec
937 1525 1061 1585 quoque
1080 1519 1172 1583 superse

257 1604 424 1675 cederent,
447 1604 538 1661 tanto
566 1599 679 1661 maiori
708 1603 752 1661 Tc
775 1601 879 1680 gloria
905 1602 1118 1664 cumularent:
1136 1613 1175 1656 ιιι

257 1696 415 1757 catholico
436 1694 567 1766 homini,
583 1697 617 1755 et
636 1695 849 1755 ecclesiastico
870 1696 1062 1772 praesertim
1081 1690 1176 1754 Puothl

257 1791 337 1851 nihil
351 1809 420 1852 esse
440 1789 534 1850 debet
547 1789 751 1866 praeclarius,
768 1807 860 1867 quam
883 1792 919 1849 ut
935 1795 1069 1868 propter
1081 1789 1126 1852 Dei
1137 1801 1177 1845 cu·

256 1903 321 1945 sam
343 1886 491 1943 adversas
512 1899 562 1942 res
584 1882 703 1942 toleret
723 1885 757 1942 et
777 1882 945 1943 sustineat.

315 1979 359 2037 Te
382 1995 453 2037 sane
468 1975 631 2053 perspicue
653 1975 794 2036 declares
809 1994 976 2053 numquam
995 1998 1034 2039 eo
1054 1977 1176 2039 adductum

255 2071 308 2143 iri,
325 2071 362 2129 ut
383 2068 523 2130 viventis
543 2071 644 2132 adhuc
664 2069 812 2147 Episcopi
834 2069 947 2143 locum,
970 2072 1131 2147 Sedemque
1146 2081 1175 2121 ιι·

254 2167 327 2226 deas
350 2181 523 2241 occupare,
550 2181 640 2241 quem
663 2167 698 2224 tu
721 2165 834 2224 merito
861 2167 1028 2228 veneraris
1050 2159 1174 2240 obsequio.

253 2274 407 2335 ¹quemque
429 2273 485 2316 suo
510 2274 543 2316 se
565 2274 693 2315 munere
715 2256 843 2317 minime
869 2258 1032 2318 abdicasse
1060 2260 1175 2335 planen

224 2357 236 2392 ⁵
255 2351 389 2430 gnosois,
405 2369 441 2410 ac
455 2349 579 2410 fateris:
596 2351 745 2439 quidquid
767 2354 919 2412 adversus
940 2371 1086 2426 canones,
1101 2356 1127 2410 et
1137 2361 1177 2406 ιιι·

256 2448 309 2504 tra
329 2444 379 2503 ius
394 2461 484 2503 omne
499 2443 605 2517 irrita,
622 2449 655 2505 et
677 2445 876 2505 schismatica
889 2446 1070 2509 Natioualis
1084 2447 1177 2506 conver

255 2542 307 2599 tus
333 2540 468 2599 Decreta
486 2537 697 2618 praecipiant.
713 2541 755 2599 Et
770 2557 804 2599 re
825 2541 948 2617 quidem
962 2559 1044 2602 vera
1065 2537 1161 2600 nihiln

255 2633 323 2692 iore
343 2649 476 2692 canones
500 2631 632 2690 horrore
655 2633 878 2706 detestantur,
905 2632 983 2692 nihil
1006 2629 1177 2704 severiorib,

142 2778 151 2796 ,
253 2726 360 2806 poenis
382 2729 524 2798 vetatur,
540 2743 633 2802 quam
656 2729 692 2786 ut
712 2726 888 2799 Ecclesiae,
905 2745 983 2804 quae
1007 2746 1065 2788 suo
1086 2744 1136 2805 gau
1176 2799 1177 2802 Ἴ

253 2824 397 2893 Pastore,
414 2838 512 2880 novus
533 2820 648 2879 Pastor
670 2819 893 2896 praeficiatur,
910 2823 944 2880 et
965 2825 1002 2880 ut
1023 2823 1093 2899 quis
1110 2817 1164 2878 huin

253 2920 319 2976 met
339 2914 497 2975 Ecclesiae
520 2913 616 2972 titulo
637 2915 861 2986 consecretur,
883 2914 1044 2991 ipsamque
1068 2909 1177 2987 occupet·

254 3009 329 3069 haec
342 3008 424 3066 enim
442 3025 502 3066 non
516 3004 579 3065 nisi
594 3003 748 3083 sacrilege
764 3005 836 3065 fieri
850 3011 969 3068 certum
983 3012 1045 3082 est,
1059 3013 1091 3068 et
1108 3021 1154 3066 ase
1168 2998 1171 3007 '

253 3102 351 3160 smate
373 3099 494 3177 seiungi
510 3117 570 3158 non
591 3103 732 3176 possunt.

311 3191 401 3252 Hinc'
412 3191 576 3270 apostolici
591 3191 730 3252 muneris
743 3193 855 3253 Nostri
871 3197 977 3270 partes
998 3213 1068 3254 esse
1083 3192 1162 3254 arbitr

252 3301 323 3345 mur
345 3303 404 3345 non
434 3290 466 3347 te
487 3286 612 3347 hortari
639 3289 747 3359 modo,
770 3287 940 3348 sedetiam
965 3289 1051 3350 serio
1074 3297 1170 3348 monere

253 3381 289 3439 ut
314 3380 345 3440 in
379 3380 537 3458 proposito
563 3382 708 3457 perstes,
725 3383 820 3457 utque
842 3398 861 3440 a
887 3381 972 3442 nullo
1004 3383 1150 3459 episcopor

252 3472 311 3533 tibi
332 3489 442 3535 manus
462 3474 581 3551 imponi
602 3474 698 3548 siuas3
713 3474 744 3534 id
760 3474 842 3534 enim
865 3474 931 3534 sine
950 3475 1101 3536 horribili
1119 3461 1173 3532 sac'

1138 2723 1149 2781 Q„
