2492 4202
500 206 558 266 271
581 235 620 250 ·-
814 240 853 290 ἢ·

23 316 194 392 patiente
215 329 283 372 uno
296 313 444 396 membro,
462 304 707 388 compatiuntur
720 322 752 373 el
766 316 897 391 reliqua
916 329 1013 374 mem·

27 411 93 469 bra
115 409 188 486 (1);
205 409 325 484 quanto
347 406 534 483 magisNos
562 405 595 464 in
616 407 783 482 repentina
804 409 950 466 amnium
970 406 1015 466 fe·

28 519 66 561 rc
87 498 321 560 florentissimi
342 499 433 576 regni
454 496 667 560 Ecclesiarum
687 500 888 577 occupatione
909 499 1014 559 excla·
1056 539 1071 570 .

29 611 131 654 mere
155 592 327 654 debuimus
335 593 461 676 &nlla
481 596 588 655 simile
617 598 775 672 umquam
802 597 840 653 in
868 593 1016 654 Ecclesia

28 689 94 751 Dei
117 687 308 750 accidisset

92 785 184 843 Item
202 781 231 841 si
244 781 462 859 antiquissima
473 785 614 843 Romana
627 783 777 859 synadae,
790 783 933 859 adquam
948 779 1014 858 epi-

30 877 123 955 scopi
147 875 241 936 Galli
255 875 474 954 confugerant,
490 891 559 934 cum
581 875 619 934 ob
632 875 711 936 alias
726 892 846 949 causas,
860 880 928 934 tum
949 893 1014 935 ma·

31 973 122 1030 xime
139 969 227 1046 quod
242 968 347 1044 plnres
359 967 496 1045 episcopi
513 967 688 1029 alienarum
702 967 889 1028 dioecesium
904 971 1013 1043 partes

32 1063 300 1142 praecipitanter
312 1062 511 1136 invaserant,
528 1062 784 1140 irregularesque
799 1061 1014 1122 ordinationes

33 1158 252 1236 peregerant,
274 1155 414 1233 aliosque
436 1175 497 1216 non
519 1157 583 1216 rite
604 1155 833 1216 iurisdictionis
853 1156 942 1214 actus
962 1154 1015 1214 ob·

34 1253 160 1325 ierant,
180 1249 367 1328 gravissime
387 1249 454 1310 illis
475 1249 654 1326 respondit:
675 1249 713 1309 Si
734 1251 808 1327 puis
829 1257 913 1310 certe
933 1252 1015 1328 fines

34 1351 178 1408 alienas
197 1347 406 1420 possessionis
428 1347 610 1416 invaserit,
635 1361 710 1406 reus
730 1347 907 1404 uiolentiae
927 1343 1015 1404 indi-

36 1451 151 1502 catmr.
172 1437 261 1503 Quid
281 1437 452 1498 curritur?
466 1439 548 1514 quid
568 1440 760 1515 festinatur,
777 1446 815 1496 nt
835 1441 952 1514 reputa
965 1453 1015 1498 ec-

37 1533 233 1596 clesiastica
253 1532 481 1592 conculcetur?
504 1535 587 1609 lepes
616 1532 780 1592 humanae
802 1539 965 1604 tenentur,
983 1538 1015 1592 et

39 1631 167 1689 diuina
175 1632 355 1702 praecepta
365 1633 633 1686 contemnuntur:
639 1641 793 1700 praesens
805 1625 936 1701 plautius
946 1627 1016 1702 ser·

38 1722 209 1790 minatur,
226 1727 258 1780 et
278 1721 467 1794 temporalis
483 1736 604 1796 poena·
617 1720 736 1778 divina
755 1733 830 1778 cero
851 1718 1012 1789 vindicta,

39 1831 130 1891 puae
152 1813 252 1872 habet
273 1813 422 1888 (lammae
436 1812 603 1888 pelennae
618 1819 800 1888 perpernae,
817 1813 1013 1888 neplipitnr.

44 1907 212 1966 Videritis
224 1921 309 1982 quae
318 1907 541 1982 praesumptio
562 1908 697 1983 feccrit.-
710 1921 753 1964 ea
774 1905 832 1964 liae
846 1905 876 1962 si
889 1907 963 1980 quis
978 1907 1014 1964 in

41 2004 162 2061 aliena
183 2001 321 2060 dioecesi
349 2017 447 2060 ausus
473 2003 578 2079 suerit
608 2001 852 2060 ordinationem
879 2001 1011 2075 facere,

41 2110 185 2170 campas
202 2109 427 2170 praesumere,
448 2097 533 2155 sciat
552 2111 584 2154 se
603 2095 643 2153 cle
664 2101 755 2154 statu
775 2110 830 2152 suo
848 2109 939 2169 passe
957 2108 1016 2168 pe·

43 2187 206 2256 riclilari,
223 2188 282 2262 qui
302 2188 448 2246 alienam
467 2186 648 2247 Ecclesiam
669 2185 825 2248 invadere
843 2201 1014 2262 praesam-

39 2282 160 2357 pserir.
178 2277 252 2338 Non
273 2287 319 2339 est
339 2283 504 2342 saeculare
525 2281 668 2357 aliquid,
684 2297 754 2340 nan
775 2287 854 2340 sunt
872 2278 1016 2338 munda

40 2391 108 2434 nae
129 2375 349 2450 praecationes
369 2373 428 2452 (2);
445 2373 483 2448 si,
506 2374 677 2452 inquimus,
693 2375 858 2451 praedicta
878 2375 1015 2451 synodus

42 2485 97 2527 eos
114 2466 165 2526 ita
179 2466 383 2542 reprehendit
401 2467 573 2544 episcopos,
586 2467 640 2545 qui
660 2465 781 2526 nonnisi
791 2474 922 2542 partem
936 2465 1015 2524 alie-

42 2579 104 2622 nae
126 2558 278 2620 dioecesis
291 2559 492 2635 invaserant,
506 2564 622 2637 quanto
643 2559 755 2621 maiori
772 2556 1015 2636 reprehensione

42 2653 137 2732 digni
165 2656 260 2713 erunt
281 2671 343 2713 non
376 2653 477 2714 solum
508 2671 615 2714 omnes
640 2639 937 2729 pseudo-episcopi,
961 2650 1014 2726 qui

43 2748 152 2808 minus
174 2745 238 2805 rite
253 2744 360 2819 electi,
377 2748 410 2806 et
431 2745 585 2823 sacrilege
600 2744 737 2805 ordinati
759 2743 949 2820 episcopales
968 2761 1016 2802 se-

43 2841 114 2912 des,
130 2840 245 2916 quibus
267 2838 406 2917 legitimi
428 2842 597 2917 praeerant
618 2840 772 2915 pastores,
786 2836 900 2912 absque
922 2853 1015 2918 cano-

44 2935 120 2995 nica
142 2932 291 2993 missione
317 2932 522 3006 invaserunt,
546 2935 758 3008 inteprasque
787 2930 943 2990 dioeceses
965 2948 1016 2989 oc·
1103 3010 1104 3018 ἵ

111 3063 147 3116 (1)
164 3061 245 3120 Epist,
258 3061 389 3109 catholica
409 3060 442 3108 ed
463 3074 550 3108 omnes
565 3061 660 3119 ubique
678 3073 724 3120 per
734 3061 878 3118 Aegyptum
894 3061 942 3106 etc.
964 3061 1015 3108 Or-

42 3137 172 3186 thosloxos
192 3138 340 3198 Episcopus,
364 3139 406 3187 eit
431 3152 471 3199 op.
493 3139 668 3187 omniomi.
689 3150 747 3196 pag.
758 3137 813 3186 943.
827 3137 878 3184 litt.
890 3140 920 3184 B.
932 3137 969 3195 0.,
989 3138 1015 3186 et

44 3226 105 3276 nta-
127 3215 183 3262 949·
196 3215 226 3260 Β·
562 3266 566 3277 ,

110 3292 146 3344 (2)
164 3289 226 3338 Gan.
238 3291 293 3338 XV.
304 3292 332 3338 in
343 3290 387 3338 eit.
398 3289 493 3339 Labbei
502 3291 676 3338 recentissima
686 3288 745 3337 edit.
755 3291 818 3336 tom.
830 3291 878 3336 ΠΙ.
891 3289 1013 3338 nollit&

45 3365 97 3412 litt.
108 3367 150 3422 E„
162 3368 189 3412 et
199 3366 247 3414 col.
260 3366 330 3413 1139.
342 3367 409 3413 Δ.Β.
421 3367 505 3412 Huius
514 3363 611 3424 synodi
621 3367 735 3413 canones
747 3363 802 3412 eive
811 3362 952 3422 Epistulam
963 3375 1016 3422 spa·

47 3443 116 3489 ctare
127 3438 161 3488 ad
179 3442 357 3489 mnocentlam
367 3443 389 3488 Ι.
401 3441 520 3502 opinatus
536 3441 575 3488 est
592 3439 750 3498 sirmondus,
762 3439 792 3487 at
802 3441 830 3488 iu
839 3441 906 3489 Nota
916 3441 937 3488 Ι.
949 3439 1015 3488 adic-

47 3519 89 3568 cts
106 3517 178 3566 verb.
193 3513 325 3564 Oenones.
