2364 4198
220 371 286 434 Noe
307 365 445 440 consulis
465 383 558 448 super
578 357 744 448 regimine,
760 374 794 430 et
813 368 964 429 dioecesis
985 369 1179 447 Augustodu-

223 463 326 524 nensis
346 482 365 523 a
386 463 529 542 legitimo
551 481 606 525 suo
626 467 757 526 Pastore
778 463 961 536 derelictae,
978 463 1014 522 et
1034 463 1175 539 portion'

222 557 373 619 dioecesis
393 549 578 620 Senonensis
599 577 618 620 a
642 577 698 620 auo
718 557 961 636 Archiepiscopo
987 557 1176 634 repudiatae.

221 654 412 730 Quamquam
432 669 507 713 vero
529 657 667 730 eatuae‘
680 651 832 732 epistolae
854 666 939 730 pars,
956 669 1040 728 qnae
1061 656 1177 729 aposto

222 745 301 806 lices
322 735 522 818 auctoritatis
543 747 695 808 auxilinm
716 744 864 823 requirit,
881 745 1021 806 maxime
1044 749 1178 822 spectan-

155 871 156 877 ι
224 841 262 899 da
281 839 324 899 sit
341 839 374 898 in
395 840 452 898 hac
465 840 584 901 Nostra
605 839 817 917 responsione,
832 836 979 897 volumus
1001 840 1117 898 tamen
1132 838 1166 897 ir

223 932 368 993 territati
390 937 464 992 tuae
479 949 543 992 esso
565 933 779 1010 exploratum,
802 935 910 1010 gratos
931 931 1163 991 iucundissinn

223 1041 283 1104 quo
303 1043 411 1086 sensus
431 1025 463 1083 in
484 1026 581 1087 Nobis
601 1025 772 1100 excitasse,
795 1017 876 1103 quae
893 1023 931 1085 ad
961 1024 1069 1086 nostri
1099 1043 1181 1084 amca

210 1118 467 1178 consolationem
489 1117 557 1177 fuse
577 1117 609 1177 in
641 1119 854 1197 praelaudatis
874 1117 1017 1178 Litteris
1047 1111 1181 1196 e'xposi

222 1211 384 1288 leguntur.
401 1209 443 1269 Et
464 1225 537 1270 sane
558 1209 632 1286 quid
660 1210 826 1270 iucundius
847 1209 918 1270 lieri
940 1208 1055 1286 potuit
1077 1209 1181 1281 Nobis

223 1305 288 1382 qui,
301 1303 377 1364 licet
388 1299 522 1379 indigni,
537 1303 693 1364 Ecclesiae
705 1302 871 1364 universae
882 1319 1092 1379 praesumus,
1107 1321 1146 1380 qu

223 1397 256 1456 ia
279 1397 342 1456 tuis
362 1395 498 1457 Litteris
512 1413 690 1474 expressam
704 1411 835 1455 cernere
849 1395 1022 1472 imaginem
1044 1395 1127 1456 boni
1148 1406 1151 1421 '
1177 1415 1179 1420 ¹

224 1489 329 1562 storia,
346 1487 484 1566 prompti
505 1507 541 1548 ao
560 1488 664 1566 parati
685 1489 760 1547 dare
774 1488 909 1547 animam
932 1503 1023 1546 suam
1046 1505 1147 1564 pron
1178 1528 1180 1533 «

223 1583 281 1642 bus
301 1583 365 1643 suia
380 1583 392 1642 l
405 1570 500 1649 'Quod
521 1597 630 1660 reapse
651 1572 809 1659 impavide
833 1589 868 1642 tu
889 1581 1041 1655 fecisses,
1064 1583 1130 1642 nisi

223 1677 361 1754 pientes,
381 1678 415 1735 et
435 1674 507 1734 boni
527 1674 592 1733 viri
619 1673 679 1734 tibi
707 1675 957 1751 persuasissent,
979 1675 1104 1734 melius
1126 1677 1149 1732 ts

222 1768 380 1831 Ecclesiae
395 1766 555 1844 provisum
578 1767 632 1839 iri,
649 1767 676 1826 si
690 1783 861 1845 parumper
874 1766 913 1826 ab
927 1780 965 1826 aa
979 1767 1132 1827 discessi
1141 1792 1162 1817 :e

224 1863 291 1930 Qua
321 1862 353 1921 in
376 1860 582 1933 discessione,
608 1877 737 1937 corpore
759 1861 889 1931 absens,
912 1877 1068 1936 praesens
1091 1863 1166 1919 tam

224 1954 352 2032 spiritu,
368 1943 510 2012 invidere
526 1957 558 2012 te
579 1953 691 2013 scribis
704 1951 842 2031 egregiis
863 1953 930 2013 illis
946 1957 1023 2013 tuae
1043 1955 1181 2025 draca]

224 2045 464 2117 Ecclesiastieis,
480 2047 602 2120 Deoque
624 2044 795 2104 carissimis
817 2045 909 2118 viris,
930 2047 984 2122 qui
1008 2065 1121 2107 sanam
1141 2047 1164 2104 ἀι

225 2140 359 2208 ctrinam
379 2138 596 2214 Ecclesiaeque
608 2139 806 2216 disciplinam
818 2159 888 2200 cum
910 2144 1043 2201 strenue
1065 2143 1180 2220 Lugdn·

225 2234 259 2294 ni
281 2234 464 2306 servarent,
487 2229 574 2308 digni
596 2233 673 2293 iacti
694 2237 788 2306 sunt,
812 2233 865 2310 qui
886 2251 945 2312 pro
972 2235 1108 2295 nomine
1126 2237 1174 2294 len

226 2325 445 2386 contumeliam
459 2328 658 2402 paterentur,
672 2325 870 2404 carcerisque
883 2344 1018 2404 poenam
1034 2323 1163 2388 subirent

225 2418 304 2496 Quid
326 2417 420 2479 etiam
441 2417 538 2478 Nobis
565 2418 724 2493 acceptius
744 2417 801 2478 illo
824 2420 879 2479 tuo
904 2419 1034 2493 studio,
1057 2413 1166 2499 quodie

225 2512 331 2574 eadem
352 2509 487 2588 epistola
508 2509 677 2586 significas,
693 2515 725 2571 te
747 2511 870 2572 scilicet
890 2529 1039 2587 curasse,
1066 2534 1125 2575 non
1139 2527 1172 2572 ιι·

226 2609 292 2668 lum
313 2611 350 2667 ut
381 2608 508 2664 nostrae
535 2604 679 2665 Litterae
706 2595 766 2666 diei
797 2607 835 2666 13
863 2606 986 2683 Aprilis
1020 2603 1176 2686 superioris

226 2701 322 2774 anni,
346 2715 439 2777 quam
460 2696 628 2759 celerrime
654 2715 710 2774 per
738 2698 880 2775 singulas
902 2703 976 2761 tuae
1010 2699 1177 2778 provincia

225 2794 379 2856 dioeceses
400 2789 655 2869 publicarentur,
679 2805 788 2853 aarum
810 2792 907 2852 etiam
936 2798 974 2854 ut
994 2795 1110 2856 fideles
1129 2789 1181 2854 te

225 2885 470 2954 hortationibus,
485 2901 521 2942 ac
536 2883 636 2949 multo
651 2883 747 2966 etiam
762 2885 861 2962 magis
880 2889 934 2945 tuo
949 2889 1099 2966 exemplo
1112 2907 1161 2947 om·

224 2977 315 3053 moti,
328 2976 508 3055 apostolicis
529 2975 657 3034 monitis
678 2993 714 3038 ao
728 2978 904 3055 praeceptis
925 2997 1022 3056 quam
1042 2972 1180 3042 citissisf

225 3071 398 3149 parerentl
418 3067 498 3136 Quid
527 3067 660 3145 denique
685 3069 781 3130 Nobis
810 3071 969 3147 optatius,
996 3093 1093 3152 quam
1119 3077 1158 3133 tn

227 3163 376 3240 epistolae
397 3159 613 3222 testimonium
629 3161 736 3220 audire
759 3162 930 3222 maximam
945 3183 1058 3226 esrum
1073 3169 1141 3225 nost
1162 3206 1164 3209 .

226 3271 296 3314 ram
317 3256 499 3316 litterarum
522 3253 642 3328 copiam
664 3270 720 3332 per
734 3256 838 3314 totum
860 3256 1043 3318 Galliarum
1060 3273 1154 3335 regnu

227 3347 441 3422 distributam,
462 3345 702 3425 innumerosque
724 3347 980 3424 ecclesiasticos,
1004 3369 1112 3430 praese
1139 3370 1153 3399 ι’

123 3476 127 3483 -
227 3442 260 3500 in
282 3445 338 3504 tua
358 3445 513 3517 dioecesi,
537 3444 709 3520 apostoliea
730 3442 813 3508 Ooea
834 3450 1007 3507 commotos
1035 3447 1159 3507 iusiur·¹

228 3535 300 3595 dnm
315 3537 447 3599 civicum
462 3541 663 3613 retractasse,
679 3538 835 3616 quamvis,
855 3555 894 3600 ne
910 3540 943 3600 id
964 3541 1067 3615 tieret,
1081 3555 1160 3599 mun
1177 3585 1178 3592 ,
