2498 4200
449 264 627 328 ..251-

14 381 16 396 ²
59 374 156 452 magis
176 378 261 449 Deo,
285 396 379 456 quam
401 380 582 440 hominibus.
600 379 656 457 (l).
672 383 737 442 Nec
759 379 837 441 satis
858 384 907 439 est
928 379 1020 438 eorde

14 481 15 484 ’
57 469 155 528 solum
177 471 308 530 credere
329 474 367 532 ad
382 473 558 546 iustitiam,
573 476 626 533 sed
641 491 717 550 opus
731 477 780 533 ost
795 477 830 534 ut
852 471 949 556 etiam
965 490 1020 532 ore

58 563 206 625 confessio
229 565 345 626 fiatad
368 567 501 627 salutem
517 565 575 647 (2).
822 554 843 606 Ι

112 658 291 719 Simulavit
305 658 437 736 iusuper
449 661 527 722 nihil
542 677 574 720 se
587 659 618 718 in
631 660 858 720 constitutione
871 660 1021 720 universa

58 750 305 827 deprehendere,
328 756 406 830 qnod
429 753 501 813 fidei
523 755 763 828 adversaretur,
787 755 928 832 quodque
950 771 1020 812 cum

57 861 107 903 sua
128 845 326 906 conscientia
346 851 504 924 pugnaret
522 847 579 925 (3);
601 846 692 923 idque
714 865 751 906 ea
771 846 960 924 praesertim
982 847 1020 905 de

56 953 145 997 causa
168 937 309 1012 effinxit,
325 944 361 998 nt
375 939 652 999 contradictionem
668 938 807 1000 evitaret
825 938 911 998 inter
925 937 1021 997 iuris·

56 1030 201 1090 dictionis
222 1029 453 1092 ecclesiasticae
474 1031 630 1109 principia
643 1033 682 1092 ab
697 1050 728 1091 se
744 1031 887 1110 exposita
900 1032 933 1090 in
949 1031 1020 1109 plu·

56 1125 140 1186 ribus
173 1127 382 1187 conventibus
414 1128 493 1187 cleri
525 1128 693 1205 gallicani,
724 1130 757 1187 et
789 1130 917 1187 decreta
947 1143 1020 1185 con-

57 1219 234 1279 stitutionis
256 1237 310 1280 suo
325 1221 534 1298 iureiurando
556 1224 682 1298 recepta
697 1222 754 1300 (4).
771 1221 831 1280 Sed
848 1238 908 1296 qua
922 1217 1020 1279 ratio·

57 1331 89 1372 ne
110 1315 143 1372 id
167 1314 329 1404 simulare·
349 1315 507 1392 potuerit,
533 1315 621 1374 nemo
651 1314 830 1392 intelliget,
854 1317 1018 1391 postquam

57 1409 132 1474 idem
157 1408 334 1467 Eumenius
361 1408 393 1466 in
423 1407 542 1468 litteris
563 1410 601 1467 ad
622 1411 686 1470 Nos
713 1409 841 1485 scriptis
861 1413 931 1485 post
952 1408 1018 1468 eius

57 1491 279 1573 defectionem,
303 1502 447 1578 superius
468 1501 735 1575 commemoratis,
759 1501 858 1562 fassus
883 1502 1018 1563 dilucide

58 1599 110 1669 est,
127 1614 169 1655 ex
183 1594 410 1655 constitutione
426 1594 559 1655 schisma
572 1599 666 1678 atquc
684 1595 1018 1672 presbyterianismum

57 1687 174 1759 induci,
190 1689 319 1764 eiusque
341 1692 464 1748 actores
479 1707 546 1748 esse
558 1687 725 1766 Evangelii
740 1688 927 1766 perduelles.
945 1690 1020 1748 Per-

57 1781 139 1859 legat
168 1783 235 1859 ipse
262 1783 396 1842 Nostras
423 1782 549 1842 litteras
574 1783 684 1843 missas
705 1785 742 1842 ad
759 1781 880 1842 Galliac
901 1781 1019 1858 episco-

58 1893 106 1950 pos
131 1875 191 1952 (5),
207 1877 242 1935 et
265 1874 406 1952 singulos
420 1876 558 1952 ,deteget
583 1877 780 1935 decretorum
806 1891 931 1934 errores
953 1878 1017 1934 tam

58 1969 84 2028 in
103 1971 203 2044 Fide,
226 1987 318 2046 quam
339 1969 372 2027 in
394 1973 521 2046 recepta
541 1969 579 2029 ab
601 1969 777 2030 universali
801 1967 943 2029 Ecclesia
963 1969 1019 2028 Di-

60 2063 201 2141 sciplina.

110 2157 288 2218 Simulavit
308 2157 441 2234 deniqne
460 2155 642 2217 dilationem
655 2159 792 2222 Nostrae
807 2154 1018 2232 responsionis
1123 2145 1131 2161 ⁸

58 2251 87 2308 ad
110 2267 185 2310 snas
207 2249 331 2326 priores
354 2249 481 2310 litteras
506 2251 537 2308 in
560 2267 653 2311 causa
677 2251 792 2322 fnisse,
816 2268 872 2309 cur
897 2249 963 2326 ipse
985 2251 1018 2309 ot

57 2344 282 2403 sacramentum
298 2342 511 2418 praestiterit,
523 2349 556 2402 ot
570 2343 662 2420 plura
677 2345 804 2403 decreta
817 2341 917 2401 inerit
930 2345 1019 2406 ease-

58 2441 143 2497 cutus
166 2434 224 2515 (6);
249 2437 370 2511 qnando
399 2437 480 2496 idem
510 2437 685 2497 Lomenius
712 2437 745 2495 in
772 2436 837 2496 suis
860 2435 1020 2513 prioribus

57 2527 173 2590 litteris
187 2527 287 2590 Nobis
301 2529 555 2606 significaverat,
572 2548 604 2589 se
622 2529 853 2606 responsionem
867 2529 1017 2590 Nostram

58 2639 246 2699 nequaquam
267 2625 534 2699 exspectaturum.
902 2615 905 2620 ’

110 2715 197 2782 Quae
219 2715 371 2774 hactenus
392 2733 411 2774 a
430 2715 527 2776 Nobis
548 2716 691 2792 exposita
705 2717 796 2786 sunt,
812 2714 931 2790 liquido
945 2731 1017 2774 con-

57 2810 138 2868 stant
159 2825 200 2868 ex
222 2811 331 2867 tenore
351 2807 505 2885 epistolae
524 2807 730 2868 abdicationis
745 2807 908 2879 Lomenii,
924 2823 1017 2884 quam

57 2901 152 2975 nobie,
169 2901 239 2961 VV.
255 2901 334 2972 FF„
351 2901 441 2961 modo
463 2902 580 2964 Noster
602 2900 790 2962 secretarius
805 2900 956 2960 Brevium
978 2899 1018 2958 ad

57 2994 216 3072 Principes
238 2994 399 3056 recitabit.

112 3197 150 3251 (l)
166 3195 224 3240 Act.
235 3195 325 3252 Apost.
339 3207 394 3253 cap.
406 3196 437 3241 V.
447 3207 515 3242 vers.
527 3198 569 3244 29.

111 3272 151 3324 (i)
167 3271 193 3316 S.
205 3271 301 3317 Paulus
317 3270 397 3328 Epist.
417 3269 449 3318 ad
464 3273 536 3317 Rom.
550 3283 605 3328 cap.
617 3272 647 3317 X.
662 3282 728 3319 vers.
743 3273 781 3319 10.

112 3346 150 3400 (3)
166 3345 215 3393 ou.
232 3347 257 3404 fl.
270 3343 361 3393 Pence

112 3422 149 3475 (4)
167 3419 216 3468 cit.
229 3419 398 3467 Mendemeut.

111 3497 149 3550 (Β)
165 3495 246 3554 Epist.
258 3497 326 3543 XVI.
343 3507 401 3555 pag.
413 3497 453 3545 la.

114 3573 149 3626 td)
165 3572 214 3622 cit.
231 3579 256 3635 g.
268 3569 302 3618 Jc
318 3569 430 3618 deurode.
