2498 4200
462 181 641 242 -191-

56 287 109 350 eoi
130 285 230 348 officii
253 303 385 348 munere
404 287 566 354 Ecclesiae
587 290 744 365 cogumur
764 288 891 356 edesse,
914 289 1036 364 quando

57 384 159 443 iratis
180 389 215 442 et
234 382 492 445 rationabilibus
510 383 709 444 cessantibus
729 384 836 444 causis
857 399 889 440 se
911 379 1037 441 confert

57 474 321 552 archiepiscopus
342 483 440 536 entra
461 476 648 550 dioecesim,
672 476 778 554 ibique
800 476 888 538 ultra
913 479 1036 553 tempus

48 570 257 648 ,permissum
279 573 506 644 commoratum
529 570 648 647 aliique
667 569 873 633 ecclesiastici
896 569 1036 633 ministri

59 665 96 724 ab
118 663 294 735 ecclesiae,
310 662 361 722 cui
376 662 494 726 addicti
512 666 599 736 suat,
614 662 748 724 servitio
770 665 929 724 mcedunt.
946 666 990 725 At
1004 662 1034 732 id

55 759 80 819 si
102 757 257 828 accidat,
285 756 381 816 edicti
409 759 555 828 auctores
581 757 731 834 ignorare
757 756 889 824 minime
909 757 1034 827 debent,
1109 793 1111 810 ·
1137 798 1140 805 ¹

53 870 112 930 per
134 867 285 912 canones
305 849 388 926 ipsos
409 848 594 926 permissum
610 851 689 910 haud
711 867 781 908 esse
795 852 888 910 luicis
910 853 1036 911 seuten-

54 946 137 1008 tiam
160 944 195 1003 in
212 941 458 1003 Ecclesiasticos
479 942 596 1015 dicere,
613 946 646 1002 et
667 943 699 1002 in
722 942 796 1004 illos
810 948 954 1004 extrema
967 944 1036 1021 pri·

53 1039 203 1102 rationis
225 1054 328 1113 poena
348 1035 626 1098 animadvertere:
654 1039 706 1106 sed
732 1037 868 1100 liberum
890 1041 964 1096 tunc
985 1038 1033 1097 ius

53 1138 85 1195 et
108 1130 292 1197 arbitrium
313 1129 478 1190 Ecclesiae
499 1129 639 1207 relinqui
660 1132 797 1203 eosdem,
812 1147 870 1207 per
886 1131 1034 1207 quosdam

53 1226 164 1286 veluti
190 1223 327 1302 gradus,
352 1222 451 1282 variis
472 1222 580 1301 poenis
604 1223 777 1296 efficiendi,
800 1227 856 1284 eut
877 1223 950 1284 illos
971 1225 1037 1301 pri·

54 1318 164 1379 vando
188 1313 413 1387 beneficiorum
435 1314 607 1388 reditibus,
631 1321 687 1376 aut
707 1317 829 1376 eosdem
852 1316 1033 1376 mulctanda

54 1407 289 1489 spiritualibus
316 1405 440 1483 poenis,
465 1411 522 1467 aut
543 1426 595 1466 eos
617 1407 748 1486 denique
770 1409 847 1486 ipsis
875 1409 1034 1470 beneficiis

55 1503 230 1582 privando:
247 1501 296 1559 ita
311 1505 346 1559 ut
361 1499 388 1558 si
402 1499 440 1558 de
454 1499 708 1578 Metropolitano
723 1503 851 1564 absente
870 1507 1032 1580 ageretur,

60 1599 243 1676 Episcopus
275 1595 449 1669 antiquior
476 1593 621 1654 residens
647 1596 704 1654 sub
725 1612 835 1672 poena
862 1597 1035 1658 interdicti

60 1695 230 1770 inpressus
251 1685 417 1746 Ecclesiae
440 1704 475 1748 eo
500 1689 569 1764 ipso
594 1689 818 1760 incurrendo,
846 1691 942 1767 iufra
969 1698 1034 1750 tres

56 1801 186 1846 menses
205 1797 264 1858 per
287 1782 424 1852 litteras,
448 1799 504 1842 seu
525 1783 685 1841 nuncium
706 1782 853 1842 Romano
873 1782 1030 1860 Pontifici

57 1877 268 1938 denunciare
297 1882 465 1946 teneatur,
493 1871 553 1951 q'ui
578 1877 616 1934 iu
640 1878 724 1953 ipsos
749 1878 911 1948 absentes,
935 1885 1033 1953 prout

58 1974 220 2047 cuiusque
234 1971 351 2039 maior,
366 1975 425 2026 out
438 1970 548 2028 minor
562 1973 770 2030 coutumacia
783 1972 939 2046 caeperit,
955 1987 1033 2030 snae

60 2079 234 2142 supremae
254 2061 347 2122 Sedis
369 2064 565 2123 auctoritate
591 2066 864 2136 animaduertere,
887 2072 918 2125 et
939 2066 1033 2124 ecole-

60 2161 117 2217 riis
141 2159 226 2233 ipsis
246 2156 284 2216 cle
303 2157 488 2232 pastoribus
509 2159 697 2218 utilioribus
716 2161 888 2235 ¹providere
898 2161 1030 2236 poterit,

57 2255 144 2314 sicut
166 2253 206 2310 in
227 2247 366 2310 Domino
389 2252 518 2310 noverit
538 2253 713 2314 salubriter
732 2255 899 2330 capedire,
918 2256 953 2312 ut
968 2255 1033 2312 tot-

56 2347 142 2408 idem
166 2343 274 2404 verbis
296 2345 333 2402 iu
356 2340 499 2403 Concilio
518 2344 711 2416 Tridentino
731 2349 888 2408 sancitum
909 2351 958 2408 est
973 2346 1028 2428 (1).

120 2439 188 2498 Iam
203 2453 280 2495 vero
295 2441 387 2496 uotae
407 2436 516 2514 cuique
535 2442 609 2499 sunt
631 2440 786 2512 maximae
808 2441 882 2502 illae
905 2442 1029 2514 turbae,

56 2533 133 2598 istic
155 2532 327 2610 excitatae,
344 2549 422 2608 quae
445 2531 539 2592 sicuti
560 2534 678 2606 nobiles
700 2535 798 2608 cives,
814 2536 861 2596 ite
881 2539 915 2595 et
934 2537 1031 2596 eccle-

44 2627 205 2692 siasticos
228 2624 313 2684 viros
338 2626 524 2702 adegerunt,
549 2629 584 2688 ut
606 2627 754 2704 patriam,
776 2629 1030 2706 domiciliumque

56 2720 292 2797 relinquerent,
307 2718 345 2778 ad
360 2717 523 2794 peierandi
544 2719 737 2781 occasionem
759 2723 961 2796 evadendam,
974 2727 1031 2787 aut
1135 2765 1139 2771 -

55 2817 93 2876 ae
118 2833 152 2876 se
175 2799 632 2895 accumulatissimas,
661 2831 739 2890 quae
768 2815 825 2874 arri
853 2816 942 2892 prom
964 2816 1028 2877 viri

56 2907 240 2970 miserrime
262 2904 439 2979 subierunt3
455 2925 620 2983 quaesere
639 2907 781 2985 pericula
803 2927 839 2970 ne
862 2910 900 2969 ab
921 2925 1029 2975 eorum

55 3000 182 3078 quidem
207 2997 295 3058 bonis
315 2997 423 3058 abesse
445 3003 630 3076 potuerunt,
646 3001 748 3061 reluti
763 3003 800 3062 de
820 3001 1029 3079 archiepisco·

54 3093 122 3172 pali
144 3094 247 3166 domo,
263 3091 361 3169 deque
383 3093 457 3156 aliis
474 3083 709 3174 archiepiscopi
725 3097 815 3160 bonis
834 3099 952 3162 tactum
966 3099 1025 3162 est.

54 3190 172 3252 Eodem
194 3186 327 3258 accedit,
343 3187 422 3263 quod
437 3187 699 3267 archiepiscopus
720 3208 888 3268 numquam
909 3190 1029 3254 extulit

55 3283 168 3359 pedem
190 3297 207 3338 e
229 3296 285 3338 sua
305 3278 458 3342 dioecesi:
479 3280 653 3344 Villonooa
675 3282 770 3357 enim,
786 3284 839 3348 ubi
859 3284 931 3362 ipse,
947 3303 1030 3344 com-

55 3376 202 3434 moratus
223 3377 290 3445 est,
313 3375 347 3432 et
368 3376 582 3462 commoratur
599 3376 722 3467 salbus,
744 3379 838 3438 iutro
854 3379 937 3456 fines
958 3395 1028 3436 con·

122 3491 157 3544 (1)
175 3488 242 3536 Sese.
256 3490 279 3536 6.
293 3486 324 3536 de
340 3489 446 3538 reimm-
457 3501 512 3549 atp-
526 3491 539 3536 Ι
556 3492 581 3539 at
597 3493 897 3554 lactescentem
913 3495 945 3548 do
962 3496 1009 3543 ret.
