2386 4194
641 207 802 268 ..98-

235 325 367 399 ›hanc,
390 320 624 398 impietatisque
651 319 775 396 plenam
797 317 900 394 legem
921 319 1188 396 Porphyrogenete

235 418 418 482 »Dominus
451 414 588 476 Basilius
618 413 725 474 iunior
757 412 822 474 alia
848 412 920 490 lege
950 413 1019 474 lata
1050 412 1187 484 sustulit,

235 530 361 592 »quam
382 511 528 590 dignam,
555 526 634 588 quae
656 507 706 568 hic
731 498 956 584 apponeretur,
980 505 1187 566 existimavi.»

235 629 254 672 s
275 607 445 686 Imperium
474 607 637 677 nestrum,
654 601 776 680 inquit,
796 603 875 678 quod
902 603 1004 662 aDeo
1030 602 1188 679 proiectum

236 707 336 778 rest,
359 721 429 764 cum
457 705 490 762 et
518 694 735 770 aMonacbis,
758 712 891 772 quorum
920 692 1023 771 pietas
1049 697 1082 754 et
1102 695 1189 755 virtus

237 802 318 860 »est
338 797 470 868 testata,
484 795 518 854 et
537 811 556 854 a
576 789 687 852 multis
715 787 800 861 aliis,
822 787 923 866 legem
946 788 983 850 de
1012 789 1068 849 Dei
1091 790 1188 858 Eccle-

237 891 344 966 asiis,
358 892 392 951 et
413 887 530 950 sanctis
550 882 717 955 Domibus‚
740 879 793 940 vel
813 881 918 958 potius
938 886 1051 943 eontra
1071 884 1127 944 Dei
1146 884 1189 942 llc·

237 984 398 1055 eclesias,
423 985 457 1043 et
477 981 601 1041 sanctas
627 992 734 1038 eornm
763 977 894 1047 Demos,
916 968 936 1034 t
955 976 1088 1036 Domino
1114 977 1187 1040 Nice·

237 1096 255 1149 s,
269 1079 387 1156 phere,
402 1075 454 1154 qni
470 1071 638 1151 Imperium
653 1068 789 1142 invasit,
805 1068 977 1143 conditam,
992 1070 1186 1147 praesentium

237 1171 424 1234 »malorum
445 1183 570 1228 cansam
592 1163 705 1236 fnisse,
728 1153 940 1236 et'radicem,
964 1165 997 1222 et
1018 1161 1185 1224 universalis

143 1337 145 1344 ¹
236 1265 363 1326 »huius
383 1259 597 1324 subversionis
617 1261 652 1318 et
679 1255 869 1317 confusionis
897 1253 959 1334 (nt
987 1275 1066 1334 qnae
1096 1259 1131 1318 ad
1149 1258 1184 1315 in·

237 1357 386 1420 »iuriam
406 1359 440 1417 et
459 1353 702 1427 contumeliam,
723 1371 785 1411 nen
812 1350 912 1412 solum
940 1351 1148 1412 Ecclesiarum
1161 1355 1181 1407 ct

240 1468 258 1513 a
271 1455 451 1514 sanctarum
474 1453 660 1520 Domorum,
677 1448 729 1508 sed
752 1445 847 1506 etiam
863 1440 962 1521 ipsius
976 1443 1032 1506 Dei
1045 1441 1178 1516 factast)

238 1544 502 1618 ›intellexissot3
531 1545 566 1604 et
592 1539 830 1617 maximarum
857 1540 889 1600 id
913 1538 1017 1616 reipsa
1041 1545 1181 1617 expertm

237 1641 375 1712 ›esset3
398 1655 439 1698 ex
459 1655 519 1714 quo
548 1634 632 1696 enim
660 1635 737 1696 haec
762 1634 814 1694 lex
842 1635 891 1693 eet
916 1633 1105 1708 observata,
1127 1631 1182 1692 nihil

238 1731 343 1792 »boni
370 1729 497 1808 penitus
525 1727 557 1787 in
587 1727 771 1790 hodiernum
801 1745 896 1805 usqne
925 1728 1006 1788 diem
1036 1726 1123 1787 vitae
1147 1743 1184 1784 nc-

237 1844 256 1885 »
271 1827 355 1888 strae
377 1821 528 1896 occurrit,
545 1821 595 1881 sed
612 1823 724 1882 contra
738 1819 859 1880 nullum
873 1819 1000 1897 penitus
1014 1816 1183 1881 calamitatis

238 1935 368 1996 »genus
382 1916 495 1991 deluit,
511 1917 627 1978 statuit
642 1933 698 1993 per
711 1919 908 1994 praesentem
924 1931 1052 1976 auream
1067 1914 1181 1980 Bellen,

238 2029 256 2071 a
271 2015 307 2073 ut
319 2011 373 2082 lex,
392 2009 554 2088 praedicta
568 2011 678 2070 abhoc
700 2010 860 2089 praesenti
875 2009 1057 2081 dioecessi,
1074 2014 1108 2068 et
1121 2003 1190 2068 dein]

238 2124 256 2166 a
270 2125 342 2184 ceps
354 2106 498 2179 infirma,
514 2111 547 2166 et
561 2105 658 2166 irrita
673 2107 874 2182 permaneat,
889 2105 1040 2165 stlocum
1055 2105 1180 2165 habeant.

240 2202 306 2260 »et
326 2200 357 2258 in
380 2217 437 2258 nsn
460 2199 535 2270 sint,
550 2215 631 2276 quas
651 2201 690 2260 de
710 2198 766 2260 Dei
792 2198 958 2273 Ecclesiis,
981 2201 1014 2258 et
1035 2197 1145 2258 sanctis
1160 2199 1180 2252 et

238 2289 428 2369 »religiosis
448 2291 596 2353 Domibus
616 2293 719 2354 iactae
739 2293 814 2353 sunt
834 2292 963 2370 leges.»

297 2387 362 2448 Hoc
376 2385 630 2463 antiquissimum
645 2389 678 2448 et
691 2389 838 2448 constans
848 2387 913 2447 tuit
926 2389 992 2446 tam
1006 2385 1179 2464 optimatum.

238 2495 330 2555 qnam
349 2479 458 2556 populi
478 2479 671 2540 Francorum
694 2479 893 2540 desiderium.
911 2479 1105 2541 obtulerunt
1121 2475 1188 2554 enin,

239 2588 321 2632 anno
341 2571 401 2632 803
422 2572 534 2633 Garole
562 2573 678 2648 Magno
707 2574 871 2650 sequentes
892 2589 1000 2650 preces
1022 2573 1079 2652 (l):
1108 2569 1188 2652 «lile

240 2679 258 2722 a
271 2663 322 2724 xis
342 2682 447 2725 omnes
467 2683 633 2742 precamur
647 2665 819 2744 poplitibus
834 2665 1033 2726 Maiestatem
1047 2667 1180 2729 Vestram

239 2777 257 2816 s
278 2759 315 2817 ut
334 2757 478 2835 Episcopi
500 2757 664 2835 deinceps,
680 2758 763 2819 sicut
782 2759 952 2833 haetenus,
969 2777 1028 2820 non
1051 2759 1181 2820 vexentur

239 2851 430 2925 »·hestibus,
447 2853 499 2911 sed
523 2853 643 2928 quando
663 2852 745 2927 Vos,
768 2871 884 2930 nosque
905 2853 937 2912 in
959 2854 1082 2914 hostem
1102 2849 1180 2930 pergi·

239 2962 360 3018 smus,
382 2945 443 3022 ipsi
465 2945 599 3023 propriis
622 2945 782 3006 resideant
803 2947 835 3006 in
861 2941 1187 3008 parochiis...11no

240 3041 378 3098 »tamen
401 3036 496 3098 Vobis
517 3040 551 3096 et
572 3037 715 3098 omnibus
744 3038 824 3100 scire
850 3039 1011 3117 cupimus,
1035 3040 1111 3117 qued
1139 3051 1180 3094 nou

240 3134 443 3209 »propterea
455 3132 513 3191 hoc
526 3132 681 3209 petimus,
698 3136 736 3195 nt
749 3151 855 3194 eorum
871 3150 940 3207 res,
957 3136 1014 3196 aut
1033 3131 1142 3210 aliquid
1155 3141 1179 3186 er

239 3243 257 3282 s
278 3242 387 3284 eorum
411 3225 561 3302 pecuniis,
579 3225 639 3285 nisi
655 3226 731 3303 ipsis
746 3227 865 3304 aliquid
885 3229 996 3304 sponte
1016 3225 1110 3290 Nobis
1124 3226 1178 3282 dare

239 3339 257 3378 s
279 3317 447 3394 placuerit,
463 3322 519 3378 aut
532 3335 639 3377 eorum
654 3319 810 3381 Ecclesiae
825 3319 950 3380 viduari
965 3321 1129 3397 cupiamus,
1144 3311 1178 3372 sel

239 3411 373 3488 »magis
394 3410 452 3505 eis,
469 3411 495 3472 si
509 3412 765 3491 Dominusposse
786 3413 927 3488 dederit,
947 3430 1060 3493 augere
1081 3409 1185 3492 deside·l

304 3529 338 3583 ‹1›
356 3527 568 3588 capitanatum.
580 3530 601 3585 Ι,
612 3541 671 3590 pag.
682 3530 738 3579 405.
