2364 4198
1128 257 1138 282 Ο

217 299 360 377 aliosque
389 299 571 360 continebat
600 299 793 376 perniciosos
818 313 944 358 errores
965 300 1092 358 socialis
1110 313 1168 356 cus·

224 399 366 464 tractos,
391 410 469 469 quos
490 392 556 469 ipse
578 392 747 453 cardinalis
761 409 797 452 ac
811 391 915 455 ulerns
929 391 1037 451 luerat
1050 406 1166 450 exmcrs·

223 486 274 544 tus
289 484 348 564 (1).

116 601 118 606 ·
283 579 346 638 Tot
359 579 527 657 tantasque
543 580 740 658 pravitatum
751 579 820 640 eius
834 579 1028 640 accessiones
1039 595 1106 638 cum
1115 593 1167 636 eon·

222 671 431 749 spiceremus,
454 673 607 751 planeque
628 673 884 734 existimaremus
904 676 1071 751 peccatum
1091 669 1168 748 publi·

221 781 291 824 cum
312 783 379 825 esse
400 766 523 843 publice
544 768 672 828 aNobis
691 764 922 844 corripiendum
936 766 1034 826 iuxta
1047 761 1164 842 Apostoli

222 861 425 937 pracceptum
449 859 507 938 (2),
531 862 568 920 ut
593 864 627 922 ct
649 861 762 921 Pastor
787 859 841 937 qui
866 859 1033 936 peccavit,
1060 863 1091 918 et
1112 873 1165 934 grex

222 937 276 1027 qui
297 951 333 1026 in
353 969 495 1012 errorem
520 952 669 1014 inductus
697 955 766 1026 est,
790 955 998 1013 revocaretur
1028 953 1061 1010 in
1088 951 1163 1019 visu,

222 1044 312 1106 nulla
332 1045 501 1107 interiecta
522 1065 627 1119 mora,
644 1065 703 1106 non
726 1046 888 1106 omis1mus
906 1047 1046 1130 Nostrae
1059 1043 1172 1123 penori-l

222 1136 296 1197 bere
318 1141 351 1198 et
372 1139 525 1217 evulgare
552 1140 680 1201 litteras
702 1139 760 1220 (3),
783 1140 895 1217 quibus
917 1139 1111 1200 Lomentum
1128 1136 1172 1202 adn

222 1232 435 1306 monebamus,
458 1237 610 1310 quantum
633 1234 776 1308 dedecus,
799 1236 893 1310 atque
914 1231 1072 1293 iniuriam
1092 1227 1172 1298 ond,

223 1324 374 1399 nalitiae,
391 1328 425 1385 et
446 1327 705 1405 archiepiscopali
728 1321 881 1405 dignitati
898 1324 1089 1403 importarit
1101 1321 1154 1384 enit·

224 1420 319 1477 tendo
329 1420 464 1481 civicum
476 1422 865 1498 sacramentum,illudque
877 1422 1088 1498 exsequendo,
1096 1431 1156 1493 nequ

223 1512 491 1576 dissimulavimus
512 1516 686 1594 flagitiosas
706 1517 745 1576 ab
766 1534 802 1576 eo
823 1515 925 1575 editus
946 1513 1172 1575 declarationes,

222 1610 392 1685 aperteque
421 1610 518 1670 etiam
546 1610 748 1688 exposuimus
777 1608 953 1670 illusoriam
981 1608 1076 1668 illam
1100 1623 1172 1674 csse„

224 1718 316 1777 quam
338 1706 520 1764 asseruerat
542 1705 782 1777 necessitatem,
806 1703 845 1763 ob
865 1720 957 1780 quam
981 1701 1104 1774 tamen',
1124 1695 1172 1770 cti,

224 1793 300 1854 talis
328 1795 452 1872 qualem
481 1797 546 1875 ipse
575 1799 754 1870 asserebat,
777 1795 968 1868 exsisteret,
993 1795 1083 1856 nullo
1101 1791 1172 1864 melo,

223 1893 328 1964 posset
349 1890 471 1950 solutus
492 1909 559 1951 esse
580 1909 600 1950 a
620 1890 778 1965 vinculis,
794 1891 912 1967 ¹quibus
937 1892 1001 1950 Deo
1029 1886 1172 1950 ecclcsiae,

223 1999 282 2058 que
303 1983 539 2060 obstringitur,
558 1983 651 2043 immo
672 1989 817 2062 paratum
839 2001 871 2044 se
893 1984 1021 2044 omnino
1044 1982 1172 2054 exhibere,

224 2074 353 2136 deberet
373 2077 412 2138 ad
433 2061 657 2154 quamcumque
678 2076 771 2138 huius
789 2077 907 2138 saeculi
921 2095 1102 2138 aerumnam
1115 2087 1172 2151 per,

223 2166 396 2230 ferendam.

284 2262 414 2320 Demum
435 2259 561 2322 herieri
582 2279 642 2321 non
664 2260 864 2336 destitimus,
881 2266 917 2322 ut
931 2261 1072 2322 civicum
1091 2271 1172 2336 sacr,

225 2359 366 2415 mentum
387 2355 546 2429 eiuraret,
568 2356 794 2416 comminantes
815 2356 981 2417 canonicas
1003 2347 1172 2433 peccasti,

224 2467 301 2526 quas
322 2467 431 2510 manus
451 2450 618 2510 admovere
640 2466 845 2526 cogeremur,
868 2448 960 2509 illum
989 2441 1172 2522 cardinaliis,

223 2543 322 2604 etiam
337 2541 493 2620 dignitate
508 2545 683 2616 exsuendo,
701 2542 761 2604 nisi
773 2542 962 2622 tempestive
974 2540 1157 2603 satisfactione
1171 2577 1172 2614 ,

224 2634 381 2714 publicam
403 2633 604 2694 offensionem
625 2639 813 2713 reparasset.
834 2637 911 2696 Eam
932 2635 1100 2696 clausimus
1116 2627 1172 2708 cpi,

225 2727 339 2789 stolam
360 2728 418 2787 hac
439 2732 572 2804 paterna
593 2715 826 2789 obsecratione:
846 2729 888 2788 Tc
900 2731 1058 2790 maiorem
1072 2729 1159 2786 icoo·

226 2821 304 2881 dom
327 2824 446 2883 iterem
461 2829 559 2899 atquc
573 2824 693 2881 iterum
707 2822 888 2894 hortamur,
905 2840 1067 2900 repansos,
1083 2837 1116 2880 oc
1125 2816 1159 2874 ol·

225 2923 400 2987 testamur,
416 2923 454 2974 ut
474 2932 497 2974 a
516 2923 606 2976 recta
625 2932 790 2994 nusquam
811 2915 981 2994 deflectens
1001 2917 1070 2986 oia,
1085 2909 1158 2972 sacri

287 3119 323 3173 (1)
339 3117 388 3166 (tlt.
409 3114 501 3164 Preces
517 3118 611 3165 Verbal
631 3116 662 3165 de
684 3115 784 3165 l’annte
801 3118 871 3164 ires.
890 3114 985 3164 Sernes
1001 3117 1052 3163 ΙΙΙ.
1070 3125 1119 3172 psa
1132 3109 1156 3156 tl

225 3189 250 3246 S.
264 3189 382 3255 Ocecnt,
392 3195 484 3253 etpag
496 3194 535 3242 69.
555 3188 578 3245 S
593 3191 624 3241 Si
636 3205 710 3254 cous,
722 3191 851 3241 etProots
861 3185 1155 3242 Verbsldelanntelllt
1171 3215 1172 3266 ,

225 3265 523 3328 senuerimus.
543 3267 664 3330 etseqs
677 3266 774 3316 Testes
790 3281 849 3316 cum
864 3280 916 3332 seq.

289 3344 367 3400 (DS
379 3345 475 3391 Paulus
495 3343 646 3392 adrimoth.
657 3343 738 3403 Epist.
751 3345 771 3400 1,
784 3356 840 3403 osp.
853 3345 885 3400 V,
896 3354 963 3392 vers
975 3343 1014 3390 20
1025 3325 1155 3390 concurri·

225 3419 294 3468 dent.
306 3431 369 3468 sess.
381 3419 420 3466 24
432 3418 469 3466 de
473 3419 577 3466 reform
589 3411 1170 3477 cap.vl11.'

288 3495 323 3551 (3)
339 3495 396 3543 Diei
411 3496 451 3543 28.
462 3493 595 3543 Februarii
612 3496 682 3542 1791.
700 3494 757 3544 vlu.
769 3497 844 3544 Num.
856 3497 923 3544 XIX.
934 3507 990 3555 paz.
1002 3494 1037 3542 bb.
