2372 4198
228 294 348 374 Aprilis
369 292 542 371 superioris
561 295 635 355 anui
658 295 748 370 1791,
765 313 901 374 quasque
923 299 999 370 Vos,
1020 299 1179 358 Venerabi-

227 389 274 450 les
293 389 437 461 Fratres,
453 387 540 448 ducti
561 406 622 449 uon
644 389 781 448 absimili
801 389 918 467 spiritu
939 392 1176 452 mansuetudinis

228 481 419 560 evulgandas
439 480 587 554 curastis,
601 481 772 542 habuerint
790 501 884 560 penes
905 483 1075 561 capitula,
1095 487 1176 544 Paro·

228 577 314 649 chos,
330 576 460 650 elerum,
476 573 696 652 Magistratus,
712 580 746 637 et
759 576 902 655 populos,
918 581 953 638 et
973 580 1057 656 apud
1077 579 1176 638 multa

229 670 325 731 ctiam
347 669 487 731 Gallicae
505 669 745 758 constitutionis
762 662 927 746 fautores,
949 672 1015 731 vim
1038 672 1135 732 talem
1153 689 1177 732 ac

229 757 369 836 tantm,
386 765 423 822 nt
443 763 480 822 ad
502 764 604 822 totum
627 779 722 840 nsque
743 764 952 826 Februarium
974 783 1116 826 mensem
1135 766 1179 824 bn·

229 857 278 917 ius
299 855 395 928 anni,
416 854 506 915 irriti
532 855 600 915 fere
628 873 734 917 omnes
761 859 924 918 evaserint
954 860 1179 920 adversantium

229 949 344 1011 nefarii
365 951 495 1011 conatos
517 950 636 1027 pluries
650 951 798 1026 adhibiti,
812 957 847 1014 et
866 971 924 1030 per
941 955 1115 1015 Decretum
1133 953 1181 1012 dici

216 1044 269 1104 ’14
290 1037 484 1121 Septembris
506 1042 604 1120 elapsi
625 1045 699 1104 anni
720 1047 821 1106 denno
841 1045 1036 1121 instaurati,
1056 1065 1116 1123 qno
1133 1047 1180 1106 lia·

229 1137 358 1200 tionalis
386 1138 585 1209 Conventus,
609 1136 731 1199 frustra
757 1140 919 1199 obnitente
953 1142 987 1200 et
1017 1039 1182 1310 relucta&

229 1248 343 1308 magna
374 1233 407 1290 et
427 1228 545 1289 saniori
577 1230 645 1291 eius
667 1235 775 1307 parta,
798 1231 937 1290 emedio
966 1233 1107 1293 sublatis
1153 1231 1167 1244 '¹

228 1327 363 1408 quatuor
384 1323 569 1401 specialibus
590 1324 734 1386 Decretis
760 1330 854 1387 antea
874 1326 928 1387 abs
950 1345 983 1386 se
1006 1326 1125 1399 editis,
1143 1313 1182 1384 ad

230 1419 356 1495 letoque
376 1417 453 1477 item
474 1420 568 1495 atque
589 1437 699 1479 everso
719 1419 783 1479 alio
806 1418 947 1498 generali
968 1421 1122 1492 Decreta,
1134 1419 1173 1479 ia

230 1512 263 1572 in
285 1515 479 1571 antecessum
498 1511 578 1586 lato,
594 1514 631 1572 de
652 1513 750 1574 nullis
771 1532 915 1591 nmquam
936 1513 1056 1596 alienis
1071 1513 1176 1573 ditioni·

229 1605 288 1664 bns
308 1603 502 1681 occupandis,
518 1608 553 1665 et
572 1605 694 1665 cunctis
708 1606 839 1684 deniqne
858 1607 1073 1684 pessumdatis
1088 1608 1183 1684 hunn-¹

230 1699 279 1758 nis
300 1698 424 1776 legibus
451 1701 544 1774 atque
573 1698 701 1774 divinis,
723 1717 793 1758 enm
814 1699 1038 1778 indignatione
1059 1693 1183 1760 omniun

229 1794 373 1870 Europae
393 1791 576 1870 Principum
597 1810 691 1853 ansus
712 1797 761 1852 est
780 1792 936 1853 violentas
958 1811 1074 1855 manns
1090 1795 1142 1853 inii

230 1904 265 1946 re
285 1887 319 1947 iu
339 1886 487 1947 Nostram
508 1887 769 1961 Avenionensem,
785 1890 819 1946 et
832 1888 1010 1950 Comitatus
1034 1885 1176 1949 Venais''

231 1979 395 2053 ditionem,
410 1996 536 2057 eamque
551 1983 660 2057 Regno
681 1979 857 2041 Galliarum
879 1981 1068 2058 adiungere.

290 2071 338 2134 Ad
354 2072 506 2149 optimum
521 2072 642 2132 exitum
656 2074 935 2150 comprobandum,
950 2092 1045 2150 quem
1060 2076 1176 2137 Nostrae

230 2163 351 2242 priores
362 2164 560 2226 hortationes
571 2166 720 2225 adversus
733 2170 797 2225 tam
808 2165 938 2244 indigna
947 2165 1118 2227 molimina
1126 2183 1173 2226 cor

231 2260 380 2335 sequutae
401 2260 487 2331 sunt,
502 2275 661 2335 possemus
674 2257 817 2335 equidem
831 2259 895 2318 Nos
909 2258 1064 2320 distincta
1083 2257 1169 2320 oratio·

231 2370 269 2410 ne
301 2351 445 2429 prosequi
476 2351 619 2429 egregias
645 2369 697 2411 res
724 2355 847 2428 gestas,
869 2352 980 2428 quibus
1002 2353 1092 2426 Vos,
1113 2353 1159 2412 lca.
1184 2377 1185 2380 ¹

230 2448 362 2508 Fratres
388 2463 425 2505 ac
444 2444 559 2505 Dilecti
587 2445 686 2519 Filii,
708 2444 892 2523 religionem
915 2447 1065 2506 Vestram
1092 2443 1169 2522 inpri-

231 2540 302 2615 mis,
318 2559 395 2618 quae
409 2537 505 2601 Nobis
521 2539 655 2598 maxime
670 2554 763 2599 curae
778 2541 841 2611 est,
858 2538 1031 2616 deindeque
1047 2541 1171 2600 Vastan

230 2633 327 2695 etiam
342 2633 374 2692 in
396 2633 465 2693 Nos
474 2631 658 2690 fidelitatem
681 2631 832 2704 ornastis‚
847 2631 1029 2692 admirabili
1052 2637 1172 2694 constar-

232 2728 279 2788 tia
304 2728 475 2788 tolerantes
504 2724 559 2785 alii
585 2725 735 2784 bonorum
764 2725 1026 2802 fortunarumque
1057 2726 1176 2787 amissio·

233 2839 320 2895 nem,
337 2820 392 2880 alii
414 2817 560 2877 exsilium
576 2860 583 2889 ,
599 2816 656 2875 alii
678 2817 811 2878 iniurias
833 2820 927 2894 atque
947 2819 1176 2886 insectationes,

231 2915 287 2976 alii
310 2929 485 2983 carcerem,
501 2914 534 2970 et
554 2910 608 2969 alii
630 2911 761 2988 denique
783 2911 1030 2972 internecionem
1052 2933 1087 2973 ac
1108 2927 1185 2971 mor-v

232 3014 297 3068 tem
318 3008 429 3085 ipsam.
444 3007 492 3065 Ex
514 3022 573 3081 qno
587 3004 705 3064 factum
721 3007 782 3078 est,
799 3007 835 3064 ut
849 3005 1065 3066 Benedictum
1085 3007 1185 3068 Frons

236 3106 354 3164 ciccum
374 3101 566 3160 Molierium
579 3098 878 3174 pseudo-Vicarium
891 3099 1098 3176 capitularem
1111 3102 1175 3160 Arc

232 3195 389 3256 nionensis
409 3193 590 3265 Ecclesiae,
606 3210 697 3269 quem
717 3193 781 3254 Nos
809 3191 871 3253 iam
893 3192 931 3252 ab
953 3194 1080 3254 Ordinis
1101 3197 1185 3258 exeri=

233 3289 311 3349 citio
332 3287 547 3366 suspendimus
562 3285 719 3363 prioribus
731 3285 858 3348 Nostris
872 3285 1021 3361 Litteris,
1038 3286 1123 3365 pauci
1135 3285 1164 3345 ad
1183 3337 1185 3344 ,

232 3383 356 3443 modum
378 3380 501 3458 sequuti
524 3381 586 3440 sint
608 3379 823 3440 Ecclesiastici
846 3383 878 3440 et
898 3379 997 3454 laici,
1019 3398 1077 3440 non
1098 3378 1185 3452 longc-

233 3475 331 3554 ipsius
353 3474 492 3535 moribus
514 3477 546 3535 et
577 3472 703 3552 ingenio
724 3472 912 3547 dissimiles,
938 3476 973 3533 et
994 3475 1185 3552 patratorum
