2364 4198
675 113 691 140 Ι

613 223 651 235 -
675 191 733 254 190
753 225 791 248 -,-

221 298 455 376 presbyterum,
475 295 530 374 qui
553 299 587 356 et
607 257 731 360 missam
751 297 944 374 celebrarit,
960 300 1027 361 dum
1049 257 1172 376 prendo-3

221 391 360 452 vicarius
375 389 540 464 Malierius
554 391 779 468 possessionem
793 391 903 466 iniret,
917 399 950 452 et
964 409 1020 470 per
1032 409 1154 452 summan
1171 395 1172 464 i

221 486 436 558 temeritatem
456 484 601 570 ¹restibus
622 485 891 560 sacerdotalibus,
912 487 1023 564 quihus
1043 491 1106 550 erat
1121 487 1156 546 in-

220 581 328 653 dutus,
342 579 467 656 signum
482 577 746 657 municipalitatis
761 580 920 645 adiunxit.

282 675 329 733 Ad
355 691 410 732 vos
435 677 541 734 autem
570 675 738 747 conversi,
767 673 874 736 dilecti
897 661 999 745 Filii,
1024 672 1155 740 canonici,

222 765 492 840 eclesiasticum
509 767 599 830 cives
616 769 860 836 Aoeeicaeases
881 767 1035 840 universi,
1051 766 1126 826 robis
1136 766 1156 824 in

223 863 353 924 Domino
374 860 596 940 praecipimus,
620 881 664 922 ne
679 866 736 924 aut
756 861 951 940 praedictum
971 860 1113 920 vicarium
1125 877 1158 918 oa·

224 956 407 1032 pitnlarem,
429 955 586 1016 antelios
607 954 773 1016 ministros
794 970 1004 1032 quoscumque
1019 950 1156 1014 ullomodo

223 1049 423 1128 suscipiatis,
445 1049 498 1128 qui
523 1068 579 1128 per
607 1049 787 1122 anfractus,
809 1054 843 1110 et
864 1049 1027 1120 cuniculos
1046 1049 1156 1123 inpare

222 1143 322 1216 chius,
344 1142 429 1203 etin
452 1142 517 1204 alia
537 1143 751 1204 ecclesiastica
772 1160 902 1205 munera
924 1141 1101 1219 subingredi
1114 1157 1155 1198 nc

222 1237 372 1298 lirentur:
396 1255 413 1295 e
435 1240 549 1296 contra
570 1254 646 1296 vero
667 1235 755 1296 vobis
777 1234 1001 1314 praecipimus,
1019 1233 1154 1296 utarchie

221 1332 347 1410 piscopo
368 1329 517 1408 primum,
541 1329 711 1406 deindeque
734 1330 850 1390 vestris
871 1329 1026 1407 legitimis
1044 1327 1152 1407 parochi

222 1427 279 1498 ita,
296 1429 333 1486 ut
348 1427 447 1498 decet,
470 1425 622 1502 pareatis3
638 1425 670 1484 hi
686 1424 769 1484 enim
786 1441 909 1501 semper
924 1425 1027 1486 vestri
1047 1428 1149 1502 pastore

222 1522 330 1591 erunt,
347 1518 475 1578 tametsi
497 1517 593 1578 inviti
615 1519 758 1578 secedere
780 1522 981 1596 cogerentur,
1006 1521 1041 1578 et
1061 1513 1153 1578 tametsi

222 1611 370 1672 horribili
391 1610 558 1688 sacrilegio
578 1611 660 1673 alius
681 1611 869 1690 eligeretur,
891 1628 928 1671 ao
949 1613 1155 1674 consecraretur

222 1707 494 1783 archiepiscopus,
523 1705 641 1782 aliique
667 1705 795 1782 parochi
818 1705 1079 1782 instituerentur.
1097 1703 1154 1770 Quoi

221 1801 345 1878 quidem
362 1797 521 1876 sacrilegii
545 1816 643 1875 genus
664 1799 742 1861 satis
764 1816 821 1876 per
842 1801 905 1860 Nos
927 1799 1155 1869 declaratumm

223 1895 416 1955 vindicatum
442 1899 492 1952 est
516 1891 642 1954 Nostris
666 1891 789 1952 litteris
811 1891 856 1950 od
869 1891 1046 1970 Episcopus
1062 1889 1156 1950 Gallic-

221 2007 296 2048 rum
311 1988 406 2061 datis,
422 1990 455 2047 ct
469 1987 628 2047 vobiscum
644 1985 891 2046 communicatis.
904 1985 977 2046 Erit
992 1986 1095 2063 itaque
1105 1997 1155 2042 onus

222 2081 467 2159 Aratispiscopi
480 2099 551 2140 suas
572 2097 646 2140 ores
667 2095 791 2156 regere,
807 2081 841 2137 ct
854 2078 1026 2154 proborum
1036 2073 1156 2155 parcere

221 2195 296 2236 rum
317 2174 499 2253 spiritualia
520 2173 658 2234 subsidia
679 2192 733 2234 suo
755 2173 870 2250 populo
892 2175 1104 2250 suppeditare,
1118 2183 1154 2245 qut

222 2271 345 2332 meliori
367 2275 519 2348 poterunt
539 2269 640 2330 modo.
664 2269 867 2340 Mementote,
883 2267 949 2328 sine
965 2267 1108 2329 canonico
1122 2262 1155 2320 iic·

222 2364 337 2426 clesiae
358 2361 473 2424 iudicio
495 2382 553 2422 non
576 2381 665 2440 posse
688 2381 755 2435 vos,
779 2380 834 2439 per
855 2363 987 2440 speciem
1017 2357 1151 2422 violentia

222 2457 318 2518 etiam
341 2461 375 2517 et
396 2455 604 2528 necessitatis
628 2456 668 2517 ab
689 2474 725 2515 eo
748 2454 944 2515 obedientiae
967 2454 1094 2514 vinculo
1111 2447 1152 2508 sul

219 2551 313 2624 duci,
330 2554 386 2613 aut
407 2549 505 2622 solvi,
527 2567 587 2627 quo
608 2566 685 2626 erga
704 2547 981 2626 Archiepiscopum
1006 2551 1154 2619 verinum

221 2647 374 2723 parochos
388 2642 528 2704 devincti
544 2642 707 2715 tenemini,
720 2642 822 2703 veluti
838 2642 888 2700 die
904 2642 919 2700 l
935 2641 1052 2704 mensis
1067 2633 1155 2715 Aprili

221 2738 452 2816 percelebrem
476 2735 638 2796 Sordones
666 2735 917 2796 Universitaicm
939 2735 971 2794 in
1001 2735 1154 2798 conventus

222 2831 508 2893 extraordinarium
520 2830 684 2890 collectam
700 2828 858 2906 agnitum,
870 2829 903 2888 et
916 2829 1105 2890 declaratum
1116 2824 1153 2884 est

280 2927 384 3002 Atque
406 2922 550 2982 hocloco
575 2923 785 3000 opportunum
803 2921 946 2982 ducimus
968 2925 1036 2982 tum
1057 2916 1156 2982 inite

209 3017 382 3095 ·piscopum
403 3018 564 3087 vestrum,
588 3017 654 3074 tum
677 3013 754 3074 alios
780 3013 1012 3076 functionarios
1034 3017 1072 3076 ab
1092 3027 1156 3072 coer

221 3113 402 3172 sationibus
423 3109 596 3183 vindicare,
613 3108 725 3186 quibus
746 3107 778 3168 in
800 3109 903 3169 edicto
920 3107 1059 3172 Consilii
1077 3102 1155 3168 meni·

220 3206 336 3279 cipalis
358 3203 475 3262 iniuste
490 3203 675 3275 onerantur,
692 3201 820 3278 perinde
835 3218 871 3266 ac
886 3201 912 3260 si
927 3201 1021 3266 iidem
1042 3219 1098 3262 non
1115 3189 1153 3256 nisi

220 3298 331 3357 contra
352 3314 503 3358 canonum
522 3294 718 3373 praescripta
731 3294 1015 3357 Avenioneehesse
1038 3313 1091 3356 non
1109 3302 1154 3368 pos

221 3393 303 3450 sent.
327 3391 415 3450 Tunc
436 3390 519 3450 enim
541 3389 634 3450 iuxta
654 3407 787 3451 oenones
807 3389 914 3450 abesse
936 3389 1003 3449 sinc
1017 3390 1153 3466 culpano

220 3485 325 3560 potest
346 3500 444 3560 neque
465 3481 731 3562 archiepiscopus,
755 3500 854 3560 neque
875 3481 931 3544 alii
956 3480 1100 3554 ministri,
1118 3468 1170 3550 qui
