2500 4206
381 301 384 309 .
417 277 455 291 -
476 247 536 307 435
555 278 593 294 ·-

24 349 191 425 accedatis,
215 353 271 412 aut
291 369 396 412 eorum
419 353 579 414 conciones
600 357 753 432 audiatis,
777 359 827 418 vel
848 375 917 420 oum
938 361 984 422 eis

22 443 49 501 in
70 445 193 504 ritibus
214 445 451 506 communicetis
474 465 511 506 ne
532 450 588 508 Dei
609 450 689 511 iram
711 453 892 513 incurratis.
912 455 983 516 Non

23 539 100 597 enim
122 539 205 599 lieet
231 540 322 599 vobis
342 542 417 600 haec
446 541 548 602 facere
570 544 637 603 sine
666 546 854 607 detrimento
882 547 983 608 divini

21 632 120 692 cultus
143 651 182 692 ac
204 637 329 694 vestrae
354 634 479 695 salutis.

72 730 339 796 Quemadmodum
355 731 449 791 etiam
467 750 526 792 non
541 733 672 808 potestis
686 734 799 811 absque
814 736 984 796 evidentis·

23 819 95 882 sima
110 823 364 900 gravissimaque
385 824 485 884 divini
501 824 626 884 honoris
640 825 758 885 iniuria
770 827 911 904 obligare
927 845 983 890 voa

22 912 218 987 iuramento,
240 918 319 993 qnod
342 917 491 978 similiter
512 918 647 980 maximo
667 936 734 978 oum
757 921 859 980 cordis
871 921 983 983 Nostri

21 1007 122 1069 dolore
153 1010 333 1070 andivimus
361 1010 553 1088 propositum
581 1011 669 1071 vobis
696 1011 792 1072 fnisse
818 1018 982 1088 praestan-

20 1099 86 1160 dum
102 1101 303 1180 infrascripti
324 1106 453 1178 tenoris,
469 1105 639 1166 videlicet:

71 1215 89 1256 α
105 1199 176 1274 Ego
190 1200 229 1258 Α.
246 1201 282 1258 Β.
296 1216 371 1258 vere
392 1204 425 1258 et
446 1199 567 1259 sincere
594 1217 752 1277 agnosco,
775 1200 924 1276 profiteor
945 1204 981 1262 et

18 1290 204 1350 »testificor
224 1295 258 1352 et
277 1292 401 1353 declaro
422 1293 454 1351 in
476 1294 667 1353 conscientia
681 1311 767 1367 mea,
785 1311 892 1354 vcoram
915 1298 980 1355 Deo

20 1387 79 1442 »et
93 1386 224 1458 mundo,
239 1387 318 1462 quod
334 1403 497 1464 supremus
510 1387 652 1446 dominus
671 1390 778 1446 noster
792 1389 861 1448 Rex
879 1387 983 1463 (Iaco-

19 1475 144 1555 ›bus),
169 1481 218 1537 est
245 1479 407 1556 legitimus
433 1484 466 1539 et
495 1498 589 1540 verns
610 1498 668 1540 rex
690 1479 780 1540 istius
802 1481 922 1558 Regni,
946 1484 984 1542 et

20 1572 187 1632 »omnium
203 1573 336 1632 aliorum
352 1572 528 1634 maiestatis
547 1591 618 1632 suae
634 1573 840 1633 dominiorum
862 1577 896 1633 ei
916 1575 983 1632 ter·

19 1675 171 1739 ›rarum3
187 1669 221 1724 et
234 1668 313 1742 quod
330 1667 415 1743 Papa
431 1685 485 1725 neo
500 1680 556 1742 per
571 1684 603 1726 se
619 1666 718 1744 ipsum
735 1685 790 1725 neo
805 1682 861 1744 per
883 1667 981 1726 ullam

19 1757 146 1817 »aliam
161 1759 384 1819 anctoritatem
404 1760 561 1821 Ecclesiae
578 1761 632 1820 vel
646 1760 735 1820 Sedis
745 1763 915 1833 Romanae,
928 1759 981 1820 vel

19 1864 103 1925 »per
135 1852 202 1912 ulla
232 1853 334 1914 media
361 1871 429 1912 enm
457 1853 701 1931 quibuscumque
726 1854 820 1926 aliis,
843 1854 981 1930 aliquam

18 1949 241 2018 »potestatem
270 1965 325 2005 nec
352 1948 576 2007 auctoritatem
605 1948 720 2008 habeat
748 1949 865 2023 Regem
887 1947 981 2023 depo·

19 2039 164 2111 mendi,
187 2040 237 2099 rel
263 2040 439 2116 aliquorum
469 2040 645 2101 maiestatis
674 2059 748 2101 suae
773 2030 980 2100 dominiorum

20 2133 99 2192 »vel
115 2149 287 2209 regnorum
302 2133 505 2211 disponendi;
528 2135 579 2193 vel
594 2133 688 2196 alicui
709 2133 850 2210 Principi
872 2137 979 2194 extra·

20 2237 106 2286 »neo
138 2227 239 2302 ipsum
268 2227 485 2302 damnificare,
507 2231 563 2289 aut
584 2231 688 2287 terras
716 2245 787 2287 snas
808 2227 978 2301 invadere,

20 2321 273 2380 »auctoritatem
295 2321 499 2395 concedendi,
525 2321 576 2380 vel
599 2321 680 2380 ullas
695 2321 888 2392 subditorum
910 2339 979 2380 suo·

20 2423 118 2472 »rum
137 2414 176 2473 ab
196 2431 304 2474 eornm
326 2433 399 2476 suae
421 2415 598 2476 maiestatis
620 2413 801 2475 obedientia
821 2417 854 2473 et
876 2414 977 2474 subie-

21 2508 155 2567 ›otione
176 2511 385 2584 exonerandi,
408 2513 464 2570 ant
486 2510 561 2569 ullis
586 2526 695 2569 eornm
720 2508 881 2567 licentiam
902 2509 977 2566 dare

21 2611 140 2660 »arma
167 2604 277 2661 contra
304 2601 404 2677 ipsum
430 2602 577 2680 gerendi,
600 2601 754 2661 tumultus
782 2599 976 2674 seminandi,

17 2694 257 2770 »autaliquem
276 2695 459 2756 violentiam
477 2697 534 2757 ant
555 2698 700 2756 damnum
716 2692 978 2752 maiestatissnae

18 2798 218 2862 ›personae,
245 2789 344 2848 statui
365 2790 416 2849 vel
447 2789 617 2866 regimini,
641 2787 693 2848 vel
720 2785 877 2862 aliquibus
911 2785 977 2845 snis

19 2881 195 2956 >subditis,
219 2882 304 2942 infra
326 2882 382 2942 sua
406 2883 544 2943 dominia
558 2883 718 2943 afferendi.

75 2989 93 3030 a
109 2975 190 3032 Item
211 2973 281 3034 iuro
295 2993 335 3034 ex
349 2975 452 3046 corde,
469 2977 548 3052 qnod
565 2994 624 3034 non
640 2975 785 3034 obstante
799 2971 904 3048 aliqua
924 2970 979 3029 de·

19 3066 237 3142 toleratione,
253 3067 304 3128 vel
319 3069 477 3130 sententia
490 3067 828 3140 excommunicationis,
848 3069 905 3126 aut
926 3066 977 3124 de-

20 3167 36 3209 r
50 3160 239 3232 privationis
253 3162 348 3234 lacta,
364 3162 415 3221 vel
431 3179 586 3238 concessa,
603 3160 814 3222 calfacienda
834 3160 885 3221 vel
906 3177 977 3217 con·

17 3254 184 3312 »cedenda
211 3271 267 3330 per
287 3255 404 3330 Papam
426 3255 477 3314 vel
506 3273 698 3314 successores
726 3272 818 3328 suos,
841 3253 893 3312 rel
920 3269 977 3329 per

18 3354 269 3424 »quamcumque
298 3347 518 3408 anctoritatem
548 3349 724 3407 derivatam
752 3347 804 3407 rel
833 3343 977 3405 derivari

17 3449 34 3490 >
49 3444 244 3515 praetensam
258 3438 375 3512 abillo,
392 3455 446 3497 seu
461 3458 480 3499 a
494 3439 573 3498 Sede
588 3457 643 3499 sua
657 3439 900 3500 contradictum
915 3440 977 3497 Re·

17 3541 137 3608 >gem,
160 3533 288 3592 heredes
310 3549 399 3608 suos,
423 3533 475 3592 vel
497 3549 690 3610 quacumque
710 3532 906 3593 absolutione
927 3530 978 3590 di-

860 3641 877 3674 ἡ
