2364 4198
623 215 800 274 -288-

235 320 277 382 tis
288 319 484 398 dispensandi
496 337 589 395 super
601 321 724 381 delectu
736 319 851 381 aetatis
862 319 1008 380 tredecim
1021 320 1151 390 mensium,

235 414 297 475 iarn
321 412 472 474 concessis
493 415 531 473 ab
553 414 725 491 apostolica
744 415 823 474 Sede
843 415 1000 475 nonnullis
1019 412 1152 492 episcopis,

237 512 271 569 et
292 507 480 568 dioecesium
502 509 822 571 administratoribus.

295 602 326 662 6.
343 600 528 662 conferendi
550 601 674 662 ordines
695 611 794 663 caetra
818 611 961 679 tempora
981 602 1012 660 in
1033 619 1095 662 casu
1112 598 1155 658 uti·

239 694 355 767 litatis,
372 696 423 755 vel
446 694 664 769 necessitatis,
681 696 707 756 si
729 699 765 756 de
788 696 940 775 episcopis
960 713 1058 756 sermo
1077 694 1155 752 sit:ct

236 791 434 867 dispensandi
455 809 511 868 pro
532 789 719 869 recipiendis
741 790 902 850 ordinibus
919 800 1017 852 cetra
1036 798 1153 864 tempera,

236 885 262 945 si
293 885 330 942 de
359 882 670 944 administratoribus
696 882 905 956 dioecesium,
931 885 1011 942 Sede
1039 875 1164 948 vacaned

235 980 361 1055 agatur.

221 1121 226 1130 .
297 1073 327 1130 7.
345 1068 532 1145 Disponendi
552 1071 597 1128 in·
611 1069 775 1147 beneficiis
795 1069 1048 1146 parochialibus,
1062 1065 1163 1140 aliisquo

236 1162 342 1224 titulis
365 1161 609 1235 ecclesiasticis,
630 1161 742 1239 quibus
763 1163 886 1224 adnexa
909 1167 958 1224 est
985 1179 1060 1221 cura
1076 1158 1155 1218 eninr·

236 1272 320 1329 rum,
337 1255 368 1314 in
389 1253 528 1332 gratiam
550 1254 809 1332 presbyterorum
831 1255 1051 1326 saecularium,
1071 1252 1113 1310 vel
1127 1265 1165 1336 rc

237 1347 395 1427 galeri-nm
419 1347 638 1423 cuiuscumque
660 1347 825 1421 instituti,
848 1367 908 1408 non
937 1347 1047 1408 habita
1071 1345 1150 1406 rstica

237 1440 484 1513 saecularitatis,
506 1441 559 1500 vel
580 1440 802 1518 regularitatis
817 1441 997 1501 huiusmodi
1019 1440 1151 1506 titulorum

236 1536 269 1594 in
291 1534 415 1595 defectu
437 1539 541 1594 tamen
563 1534 822 1612 presbyterorum
847 1531 1154 1614 saecularium,quibn

238 1626 382 1706 praefata
403 1626 551 1688 beneficia
566 1627 753 1701 saecularia,
769 1627 821 1686 vel
836 1629 1087 1706 presbyterorum
1098 1639 1166 1699 regu*

237 1721 370 1793 larium,
391 1720 500 1797 quibus
523 1719 671 1779 beneficia
691 1719 853 1797 regularia
874 1722 1092 1782 conferantur:
1109 1718 1165 1776 iten‘

238 1812 417 1876 conferendi
438 1813 545 1873 eadem
565 1812 728 1885 beneficia,
744 1831 804 1872 non
826 1813 971 1875 obstante
985 1817 1158 1892 regulorum·

238 1913 333 1982 sium,
357 1916 389 1969 ct
408 1925 470 1966 asu
491 1907 685 1967 alternandi
704 1901 762 1982 pro
782 1905 848 1966 illis
870 1906 1072 1980 dioecesibus,
1082 1908 1107 1965 in
1116 1901 1157 1979 qui·

239 2002 296 2061 bns
318 1999 480 2077 praedicta
500 1998 611 2075 regula
632 1997 801 2072 meusium,
823 2002 857 2058 et
877 2001 1041 2076 praefatus
1061 2015 1117 2058 usus
1130 1993 1158 2052 d·

242 2094 392 2156 tornandi
413 2093 612 2153 observatur.

300 2188 331 2246 8.
354 2186 548 2246 concedendi
570 2189 763 2264 facultatem
794 2185 958 2263 religionis
983 2188 1155 2257 cuiuscunque

241 2279 373 2352 ordinis,
388 2282 444 2338 ant
464 2277 717 2356 congregationis
738 2277 771 2336 in
791 2278 878 2338 aliud
898 2279 1081 2340 institutum
1093 2282 1150 2337 tran

242 2371 351 2444 eundi,
367 2371 509 2448 quamvis
530 2371 642 2448 regula
664 2370 695 2429 in
718 2373 774 2430 hoc
795 2371 906 2448 vigens
927 2373 1032 2433 minus
1046 2373 1168 2432 forem

243 2467 330 2526 stara
350 2482 441 2540 quam
463 2464 495 2523 in
509 2481 559 2536 eo,
574 2464 607 2523 in
621 2481 681 2541 quo
695 2463 918 2540 professionem
934 2466 1110 2526 emiserunt.

301 2560 333 2620 9.
349 2556 541 2620 Concedendi
564 2559 733 2618 licentium
752 2557 954 2634 regularibus
967 2557 1119 2636 exemptis,
1128 2545 1155 2606 d

242 2670 302 2713 non
325 2649 480 2728 exemptis
502 2650 721 2728 cuiuscumque
743 2650 884 2724 ordinis,
906 2654 940 2711 ct
960 2649 1114 2719 instituti,
1128 2637 1156 2717 qni

242 2752 335 2811 extra
355 2751 542 2808 conventum
557 2747 679 2821 vivere,
695 2751 728 2808 et
741 2748 919 2826 regularem
934 2749 1074 2809 habitum
1092 2740 1159 2804 dimit

243 2845 311 2902 tere
334 2840 435 2903 coacti
455 2842 540 2913 sunt,
557 2839 705 2901 induendi
727 2845 831 2901 vestes
852 2841 1044 2914 saeculares,
1057 2821 1168 2922 ecclesis·¹

243 2935 322 2997 stico
343 2935 541 3000 tamen,viro
561 2934 797 3009 convenientes,
819 2952 856 2994 ac
875 2932 1077 3012 permanendi
1100 2929 1123 2987 in
1139 2913 1168 2980 d'

242 3028 353 3089 babitu
374 3029 430 3087 sub
453 3026 629 3088 obedientia
651 3026 831 3100 ordinarii,
854 3030 1008 3105 quatenus
1028 3007 1168 3103 superiora!

243 3121 407 3199 regulares
428 3138 488 3180 non
508 3119 635 3194 adsint,
660 3122 717 3179 aut
737 3120 826 3180 nulla
849 3120 897 3181 uti
925 3120 1047 3197 possint
1071 3093 1168 3177 insuui

245 3211 383 3274 subditos
403 3212 641 3287 iurisdictione,
667 3212 759 3274 flrma
780 3215 885 3273 tamen
913 3214 1090 3274 remanente
1111 3191 1168 3274 solet

244 3305 363 3366 mnium
383 3309 529 3368 votorum
551 3307 752 3385 obligatione.
1161 3281 1168 3340 ⁴

308 3398 356 3460 10.
378 3399 583 3461 Praesidendi
604 3401 820 3474 electionibus,
836 3401 958 3464 easdem
978 3359 1168 3460 confirmandi·⁴

245 3492 337 3556 dandi
359 3492 560 3570 obedientias,
573 3495 607 3555 et
621 3492 797 3572 generatim
816 3493 849 3555 in
871 3494 1012 3556 domibus
1025 3489 1159 3572 puellum
