2498 4200
36 329 305 407 transgredientes
326 347 384 389 uon
406 347 568 406 possumus
592 331 734 406 equidem
750 329 1000 391 eandemvobis·

36 440 99 482 cum
126 423 287 482 rationem
310 420 410 496 inire,
431 441 522 498 quam
547 440 616 482 eum
642 423 742 484 Gallis
765 423 925 484 inivimus
949 425 996 490 Ad

36 515 139 575 (telles
158 515 247 574 euim
269 516 351 591 quod
373 515 527 591 pertinet,
543 517 617 576 data
631 534 727 593 opera
747 535 922 577 ser-monem
943 518 1000 578 ha-

36 609 101 668 bere
123 608 289 690 noluimus
311 608 348 668 de
369 626 452 667 nova
467 608 539 686 lege
553 609 639 669 circa
659 627 711 668 res
732 613 843 670 civiles
863 629 882 670 a
901 610 1000 669 comi-

35 702 83 762 tiis
102 702 310 779 generalibus
324 702 475 778 proiecta,
498 709 532 762 et
558 720 578 761 a
598 706 685 780 Rege
706 705 838 776 sancita,
854 705 890 763 ad
907 721 998 779 quem

35 796 88 856 ista
107 795 331 873 pertinebant3
353 815 370 855 e
392 801 503 856 contre
524 800 631 856 autem
660 801 765 856 tacere
786 799 866 856 haud
890 815 1000 874 possu-

34 907 94 948 mus
115 907 191 948 cum
215 887 325 960 vobis,
348 889 401 964 qui
424 888 534 948 multis
560 891 623 948 iam
645 889 817 950 asseculis
843 888 899 949 sub
924 907 998 966 apo·
1056 941 1060 951 .

36 983 161 1042 stolicae
184 981 294 1052 Sedit,
318 998 569 1057 summorumque
591 981 780 1041 Pontificum
806 981 923 1040 ditione
945 982 1000 1041 de-

37 1085 159 1152 gentes„
190 1074 260 1134 sine
294 1092 439 1150 suprema
466 1073 657 1135 auctoritate
684 1077 803 1136 Nostra
835 1082 999 1150 tempora·

39 1176 70 1234 lis
88 1175 271 1251 regiminis
284 1171 417 1232 formam
436 1171 605 1232 immutare
627 1190 685 1231 non
708 1173 841 1249 potestis
859 1171 997 1243 omnin03

37 1268 75 1327 ita
100 1268 190 1328 enim
220 1266 383 1344 postulant
410 1285 507 1343 acque
538 1267 691 1326 humanae
715 1267 811 1343 leges,
833 1269 928 1342 atque
950 1263 999 1324 dl-

39 1361 138 1420 rinae.

88 1453 173 1513 Hinc
184 1451 306 1511 Nostra
318 1452 443 1510 utentes
458 1468 603 1527 suprema
617 1443 653 1511 ac
667 1451 996 1528 legitimapotestate,

41 1567 88 1624 qua
108 1549 161 1607 uti
185 1546 336 1622 Princeps
356 1545 530 1622 fungimur,
546 1546 751 1606 rescindimus
766 1564 872 1605 omues
886 1552 920 1607 et
934 1549 998 1609 sin·

45 1642 117 1716 gulos
144 1643 238 1700 actus
260 1643 323 1698 tam
345 1639 532 1712 Aveuicue,
556 1659 648 1717 quam
673 1638 940 1716 carpentoractz',
964 1649 998 1704 et

44 1733 67 1792 in
84 1735 156 1801 alia,
171 1733 314 1810 qualibet
328 1731 507 1792 Comitatus
528 1741 619 1810 parte
641 1735 740 1793 factos
760 1737 911 1795 adversus
927 1737 999 1797 iura

41 1832 140 1892 Nostri
168 1829 389 1906 Principatus,
415 1836 449 1890 et
476 1833 678 1908 reprobamus
703 1831 876 1909 imprimis,
901 1838 994 1910 atque

41 1928 199 1988 abolemus
213 1931 371 2002 tamquam
399 1927 529 2001 irritas,
552 1933 586 1988 et
610 1929 764 1988 violentia
785 1949 820 1989 ao
843 1931 997 1993 seditione

42 2021 155 2095 plenas,
181 2019 426 2080 deliberationes
447 2021 521 2080 istic
544 2026 651 2098 captas
672 2025 709 2082 de
732 2022 820 2082 vobis
842 2041 858 2081 e
879 2025 999 2083 Nostra

48 2114 152 2174 ditione
184 2113 414 2184 subducendis,
445 2129 480 2172 ac
509 2114 650 2174 Gallicae
680 2115 793 2174 ditioni
816 2117 997 2188 tradendis;

52 2205 297 2278 deliberationes,
320 2206 488 2284 inquimus,
515 2227 590 2284 quas
618 2209 799 2270 carissimus
820 2211 851 2268 in
872 2211 998 2272 Christo

43 2301 117 2362 filius
137 2303 256 2362 Noster
277 2303 346 2361 Rex
367 2300 666 2373 christianissimus,
689 2321 751 2362 una
776 2321 845 2362 cum
874 2303 998 2380 inclyta

44 2398 162 2457 natione
186 2413 254 2468 sua,
271 2413 331 2454 non
347 2397 438 2453 modo
458 2396 592 2472 probare
608 2397 728 2472 nequit,
744 2399 796 2456 sed
819 2416 856 2456 ne
878 2398 910 2456 iu
937 2399 999 2458 dis·

43 2489 243 2567 repletionem
266 2489 390 2566 quidem
406 2508 528 2562 vooere,
545 2491 718 2566 absque'eo
739 2493 817 2568 quod
835 2493 993 2552 sanctiora

42 2586 174 2658 gentium
196 2583 268 2642 iura
288 2583 467 2654 laedantur,
489 2584 591 2643 veluti
614 2583 675 2660 ipsi
691 2584 770 2660 Regi
793 2584 923 2644 iteratis
944 2603 997 2644 ex·

41 2676 301 2751 postulationibus
322 2674 538 2751 patefecimus.

93 2771 309 2848 Improbamus
325 2769 402 2828 item
417 2773 511 2844 atque
526 2769 731 2830 rescindimus
751 2769 997 2830 deliberationes

43 2880 129 2941 aeque
152 2864 310 2924 'absurdas
331 2880 368 2922 ac
389 2862 555 2923 seditiosas
584 2863 711 2922 vivendi
729 2865 805 2923 istic
831 2865 866 2924 ad
895 2863 998 2922 instar

42 2960 254 3034 reipublicae;
283 2957 484 3033 reprobamus
512 2961 546 3016 et
572 2946 776 3017 rescindimus
804 2959 879 3016 illas
900 2956 997 3015 etiam

42 3049 301 3124 deliberationes,
329 3050 522 3126 quibustper
548 3065 697 3110 summam
723 3051 877 3112 insaniam
900 3050 998 3110 susci·
1083 3037 1092 3049 ⁸

42 3146 166 3219 piuntur
185 3151 314 3205 exterae
336 3145 446 3204 civiles
466 3144 553 3222 leges
575 3147 639 3204 tem
652 3145 817 3215 conditae,
834 3163 924 3222 quam
939 3144 999 3202 uol-

43 3235 96 3298 buc
111 3239 316 3309 condendae,
340 3241 373 3296 et
393 3238 504 3314 quibus
526 3255 643 3309 novae,
665 3237 875 3314 periculosae,
899 3238 999 3296 incer·

44 3329 144 3409 taeque
166 3333 253 3409 leges
274 3331 497 3391 anteferuntur
516 3331 743 3392 Constitutioni
769 3333 929 3406 antiquae,
945 3332 1009 3389 do·-

45 3428 194 3499 mesticae,
217 3428 251 3485 et
271 3425 445 3502 legitimae,
468 3425 525 3484 sub
546 3444 608 3501 qua
629 3444 698 3497 vos,
720 3425 885 3501 vestrique
902 3424 1001 3482 mtaio-

44 3519 155 3580 res'tot
177 3520 240 3578 iam
261 3518 395 3580 saeculis
418 3519 608 3596 tranquille,
632 3521 804 3595 paratoque
832 3518 996 3579 vixerunt.

130 3635 190 3688 Vol.
210 3635 237 3686 Ι.
876 3640 906 3687 13
