2456 4192
56 280 277 360 adlbeologoe,
301 289 334 346 et
360 283 544 348 canonistas
571 287 610 347 ab
638 285 751 346 iisdem
776 285 978 346 consulendos

54 373 203 450 remittere,
224 395 303 454 quae
331 380 369 439 ed
392 397 460 440 eam
487 395 555 440 rem
577 381 773 456 spectarent,
796 379 981 440 documenta

53 465 191 541 reluimns,
206 487 285 546 quae
307 474 393 533 certe
406 473 480 534 dum
494 471 639 551 pluribus
652 471 861 550 multiplicari
876 489 980 533 exem-

51 555 92 631 plis
108 577 174 636 opus
192 565 282 636 erat,
300 564 441 625 nonnihil
458 565 609 642 temporis
621 565 799 628 effluxerat.
815 567 898 626 ldem
912 564 979 642 ipse

50 653 184 716 cardinalis
203 657 353 722 Minister
372 661 452 736 epod
472 661 538 722 Nos
553 661 639 720 Tuus
652 660 751 723 Nobis
765 659 878 737 plura,
899 677 979 739 quae

52 743 105 804 ietcc
122 747 334 824 pertinerent,
360 751 549 831 singillatim
569 753 732 816 declarare
753 752 873 826 debuit,
899 769 978 830 qnae

52 853 200 913 cognoscere
221 845 351 906 aliunde
373 864 432 906 non
454 847 674 923 potuissemus.
691 849 813 910 Instare
834 847 893 908 ille
913 845 983 924 qui·

50 931 97 989 dem
114 952 304 1014 summopere
326 958 387 1000 mon
409 941 582 1005 desistebat
602 944 682 1019 apud
707 943 772 1005 Nos
793 945 831 1002 nt
857 957 979 1002 summo

49 1022 168 1087 desiderio
183 1031 250 1096 Tuo
274 1033 424 1094 celeriter
443 1034 710 1109 satisfaceremus,
725 1035 778 1096 sed
799 1052 862 1095 una
882 1031 978 1094 etiam

48 1123 245 1198 perseipsum
268 1126 488 1205 intelligebat,
504 1147 672 1207 numquam
693 1129 758 1192 Nos
783 1128 823 1190 ab
848 1126 910 1219 ille·
927 1143 977 1186 oc·

47 1214 177 1286 copatione
192 1235 350 1294 cessasse,
366 1237 436 1282 cnm
451 1223 488 1282 de
502 1239 538 1282 re
552 1225 714 1300 ageretur,
729 1239 768 1282 ex
789 1237 850 1298 que
864 1235 978 1297 magna

48 1310 159 1380 posunt,
180 1327 260 1387 quae
285 1329 344 1373 non
367 1312 461 1374 facile
482 1315 592 1375 stetim
613 1315 646 1374 in
671 1318 871 1393 conspectum
890 1312 980 1374 cade·

49 1405 115 1468 rent,
135 1410 291 1468 momenta
311 1409 470 1486 consequi.

92 1493 125 1554 ιιι
140 1496 170 1558 S.
185 1499 279 1561 Petri
302 1503 470 1564 Successor
483 1505 521 1565 ad
537 1503 757 1565 declarandam
771 1506 842 1580 post
855 1507 979 1564 mature

56 1590 172 1654 ursitum
192 1611 328 1656 examen
350 1598 526 1660 doctrinam
546 1597 696 1659 devenire
716 1597 835 1674 possit,
856 1598 978 1657 certum

56 1690 104 1734 enm
118 1697 170 1742 esee
191 1689 439 1766 oportet-primi
461 1690 602 1752 Pastoris
624 1689 694 1750 voci
716 1687 911 1748 docilitatem
926 1704 981 1749 an·

52 1765 166 1836 dlertium
195 1798 261 1840 non
283 1781 473 1844 defuturam.
494 1785 540 1845 At
558 1782 630 1860 quis
655 1781 753 1844 Nobis
773 1780 866 1842 huius
886 1779 979 1844 fidam

50 1857 186 1930 docilitatis
206 1872 309 1934 faciat
330 1876 387 1934 hoc
412 1876 587 1950 turnultus,
610 1875 745 1947 luroris,
769 1873 877 1935 delirii
899 1878 980 1934 tem-

50 1960 116 2026 l⁰l⁰i
125 1962 271 2028 Quisnam
285 1986 325 2028 ex
339 1970 612 2030 enunciationibns
625 1971 706 2032 Nost
692 1969 752 2030 tris
765 1967 882 2030 mulina
894 1968 979 2046 plus,

51 2062 77 2104 ιι
91 2050 149 2113 boni
169 2065 390 2123 emanaturum
413 2062 771 2137 sit,afflrmettOerte,
790 2065 826 2123 ut
845 2060 979 2122 nuncin

51 2139 125 2206 Gallie
141 2155 314 2231 comparati
336 2160 409 2216 sunt
430 2157 547 2233 animi,
570 2158 671 2218 multo
691 2158 763 2244 plus
787 2156 863 2218 mali
882 2153 981 2217 Nobis

48 2237 108 2296 estt
97 2241 277 2321 timendum,
300 2266 391 2324 quarn
413 2249 600 2328 sperandum
623 2252 706 2312 boni.

91 2332 185 2400 Omnia
216 2342 333 2403 amissa
360 2344 522 2420 reputari,
545 2362 581 2406 ac
609 2344 736 2421 perdite
762 2345 929 2416 deberent,
952 2317 980 2402 si

49 2421 104 2484 Olli
93 2431 164 2492 trum
185 2437 330 2498 Unitatis
350 2437 415 2498 vim
444 2456 550 2512 suem,
573 2440 697 2516 atque
688 2458 720 2500 ιιι
746 2437 869 2501 animos
889 2437 982 2498 influ-

52 2529 100 2576 ¹lm
118 2527 288 2590 amitteret.
306 2532 389 2591 Haec
410 2535 505 2608 atque
525 2532 590 2594 alia
611 2538 775 2610 praeterea
795 2550 854 2592 non
876 2531 985 2590 minus

53 2616 131 2680 ucria
149 2623 175 2680 si
202 2627 273 2702 Ipse
295 2626 491 2700 consideres,
514 2627 609 2688 facile
635 2627 817 2688 existimare
839 2624 978 2703 poteris,

51 2716 115 2773 illm
132 2717 304 2779 noeessario
320 2720 436 2779 seriam
457 2737 494 2780 ac
507 2725 667 2781 maturum
687 2737 816 2782 examen
840 2720 982 2796 imterpo-

49 2801 104 2858 nerd
106 2821 150 2866 nm
164 2810 218 2871 sit
232 2813 447 2874 cardinalium
461 2813 671 2892 Oomgregatio
684 2811 852 2874 habebitur
873 2811 923 2872 die
940 2812 981 2872 24

51 2884 116 2952 huius
133 2901 257 2964 Mensis.
273 2907 404 2965 Eorum
403 2907 530 2984 singuli
551 2924 591 2966 ex
611 2907 730 2984 scripto
750 2923 837 2965 suam
856 2907 980 2965 senten-

50 2979 104 3044 trem
121 2996 288 3067 proferent.
304 2999 370 3060 Nos
387 3002 454 3059 tum
468 2999 598 3060 illarum
612 3017 748 3076 quasque
762 2998 981 3058 revocabimus

50 3073 164 3146 dNost
151 3090 231 3150 tram
263 3091 446 3169 religionis,
477 3093 682 3170 prudentiae,
709 3111 760 3152 ao
772 3091 814 3152 de
831 3110 924 3170 pecc,
947 3094 982 3154 ot

49 3177 181 3240 concordia
200 3182 299 3242 studii
322 3184 498 3258 trutinam,
520 3185 683 3261 aDeoqne
704 3185 922 3262 precabimur,
943 3186 988 3252 ut¹

51 3270 89 3316 ⁸¹¹0
105 3269 223 3334 coelesti
245 3276 408 3352 splendore
428 3277 525 3339 Nobis
545 3276 629 3338 adsit
637 3278 785 3355 ,Nosque
805 3278 979 3340 illuminet.

92 3358 186 3426 Inter·
172 3371 260 3431 ·haec
281 3374 459 3450 peragenda
479 3372 596 3433 iustam
621 3391 694 3434 sane
719 3373 981 3452 improbationem

53 3449 225 3522 retinemus
216 3481 247 3524 ιιι
276 3483 422 3543 suspenso
454 3484 548 3545 super
574 3467 708 3530 decretis
736 3469 848 3529 Status
867 3464 980 3529 civilis
