2492 4202
441 239 478 252 -
499 211 559 270 323
579 241 618 281 7—

103 316 154 374 Ad
174 314 423 393 archiepiscopos
444 336 522 377 vero
544 323 577 378 et
598 319 754 396 episcopos
769 318 940 396 superioris
952 322 1009 381 Ee·

44 407 214 467 clesiastioi
242 409 361 470 ordinis
389 414 468 488 quod
497 413 634 485 attinet,
661 413 727 472 sive
756 412 821 472 sint
848 429 1010 494 consecra-

46 504 131 561 tores
152 508 186 560 et
207 503 409 577 assistentes,
432 505 499 564 sive
521 505 657 580 intrusi,
679 507 747 566 sive
768 506 863 566 etiam
892 505 1011 566 iureiu-

47 595 145 652 rando
167 594 267 654 civico
288 597 446 672 obstricti,
471 599 561 658 iuxta
581 599 726 676 primam,
749 601 926 673 secundam,
943 602 1009 660 ter-

48 686 186 762 tiamque
207 687 336 747 classem
359 673 539 752 nostrarum
561 692 758 752 Litterarum
780 691 843 750 diei
860 692 898 753 19
912 692 1011 769 elapsi

47 779 162 838 mensis
188 775 319 853 Martii,
341 782 417 842 satis
438 789 647 861 opportunum
675 783 893 844 existimamus
921 783 1010 844 unice

45 873 153 944 Nobis,
168 873 355 950 Nostrisque
376 877 601 936 successoribus
622 893 787 937 reservare
808 877 935 936 illorum
958 877 1011 936 ab·

47 966 265 1026 solvendorum
288 967 483 1030 facultatem.
500 971 584 1036 Quod
607 970 690 1029 enim
712 987 806 1046 super
828 986 933 1028 eornm
956 971 1011 1028 de·

48 1061 183 1120 lectione
204 1060 290 1121 cadit
311 1060 479 1136 iudicium,
501 1063 602 1122 multo
625 1064 697 1123 aliis
719 1063 848 1141 gravius
869 1066 934 1134 est,
957 1062 1011 1122 iis-

46 1173 104 1230 que
127 1155 219 1231 lcuge
240 1154 419 1214 antecellit.
435 1157 516 1216 Nam
538 1174 644 1216 eorum
666 1156 791 1232 quidam
814 1160 888 1216 sunt
908 1155 1008 1215 totius

49 1248 177 1307 sceleris
198 1246 367 1325 principes,
391 1265 497 1307 omncs
510 1252 616 1308 autem
638 1256 769 1326 possunt
785 1266 860 1308 vere
881 1248 944 1308 dici
957 1267 1011 1308 au·

47 1347 152 1400 oteres
174 1339 316 1400 exitialis
338 1341 528 1413 schismatis,
551 1345 632 1419 quod
654 1361 709 1419 per
731 1345 834 1402 totum
856 1342 941 1402 istud
963 1359 1013 1402 re·

49 1452 141 1511 gnum
165 1433 280 1493 misere
308 1435 536 1508 debacchatur;
559 1437 694 1512 adeoque
716 1435 804 1510 digni
825 1442 900 1496 sunt
920 1436 1013 1496 iuxta

49 1532 239 1586 memoratos
260 1545 404 1600 canones,
426 1532 463 1587 ut
483 1545 553 1587 oum
575 1529 616 1588 iis
637 1529 798 1605 aliquanto
821 1528 956 1606 rigidius
976 1547 1012 1589 a·

49 1626 156 1698 gatnr.
180 1623 246 1682 Hac
266 1625 371 1680 autem
392 1621 606 1681 reservatione
628 1623 771 1683 nolumns
799 1637 889 1696 sane,
907 1613 942 1683 ut
962 1643 1012 1685 eo·

50 1733 116 1775 rum
150 1714 247 1774 animi
269 1713 481 1791 frangantur„
503 1734 538 1776 ae
561 1716 772 1784 deiicientur,
796 1717 848 1774 sed
876 1717 1011 1777 maxime

50 1811 202 1887 cupimus,
220 1812 256 1868 nt
270 1808 397 1868 illorum
415 1814 505 1870 tanto
519 1812 619 1889 magis
633 1811 791 1871 excitetur
804 1810 916 1870 fidncia
929 1829 1012 1871 eom·

50 1919 173 1962 munem
196 1904 330 1960 matrem
352 1903 505 1976 adeundi,
527 1909 561 1963 et
585 1906 623 1964 ad
646 1922 712 1963 eam
735 1905 885 1964 alacriter
905 1904 1013 1964 coniu-

50 1995 168 2072 giendi3
191 1993 217 2053 si
232 1993 314 2052 enim
337 1994 459 2054 sincera
473 2011 581 2076 eorum
596 1995 660 2055 erit
674 1996 879 2073 poenitentia,
896 1997 1013 2057 velint·

50 2109 106 2166 que
128 2088 231 2166 plenis
252 2086 519 2148 satisfactionibus
533 2089 614 2148 mole
637 2093 725 2165 gesta
746 2092 963 2161 condemnare,
979 2093 1013 2150 et

52 2185 205 2246 Ecclesiae
227 2186 392 2260 occupatas
413 2183 585 2258 dimittere,
608 2183 837 2245 declaravimus
859 2186 921 2245 iam
941 2203 1012 2246 eum

52 2280 84 2339 S.
100 2281 204 2339 Leone
225 2276 287 2356 (l),
310 2276 451 2354 idemque
475 2277 564 2337 modo
588 2278 706 2338 iterum
727 2279 938 2354 declaramus,
961 2298 1012 2341 ecs

53 2389 106 2447 per
135 2388 190 2430 nos
217 2369 336 2447 apertis
364 2370 445 2430 ulnis
478 2373 643 2446 exceptum
673 2370 736 2444 iri,
759 2375 792 2432 et
820 2373 905 2448 pacis
933 2391 1013 2433 com-

53 2464 266 2539 munionisque
294 2465 430 2524 Nostrae
456 2463 579 2523 unitate
600 2464 765 2524 fruituros.
790 2467 909 2526 Nostra
929 2469 1012 2526 enim

51 2575 85 2617 ac
107 2561 216 2618 vestra
236 2555 367 2616 consilia
387 2571 447 2614 non
470 2557 532 2616 alio
553 2561 713 2633 spectant,
729 2576 820 2634 qnam
843 2577 889 2629 eo,
908 2563 944 2619 ut
961 2577 1012 2620 er-

52 2657 159 2712 rantes
180 2652 218 2712 ad
241 2650 325 2709 ovile
347 2651 551 2725 reducantur,
567 2656 662 2728 utque
683 2653 847 2712 schismati
870 2654 940 2713 linis
961 2656 1014 2713 de-

51 2762 134 2805 mum
166 2744 367 2820 imponatur,
391 2744 494 2804 veluti
516 2745 730 2806 indesinenter
762 2746 841 2806 fusis
869 2746 1013 2807 lacrimis

51 2841 148 2899 Deum
170 2837 329 2915 Optimum
350 2837 522 2897 Maximum
544 2840 757 2916 deprecamur.

109 2936 188 2992 Post
202 2933 277 2990 haec
299 2930 355 2989 vix
369 2948 444 3007 opus
465 2936 559 3006 esset,
576 2936 611 2992 ut
629 2951 687 3005 ,vos
704 2933 939 2992 admoneremus
958 2952 1012 3000 ou,-

52 3029 172 3090 iusdam
194 3026 323 3104 scripti,
347 3042 427 3084 nunc
448 3027 486 3085 ad
507 3027 571 3086 Nos
593 3027 711 3099 delati,
733 3029 812 3103 quod
835 3025 1013 3086 schismati-

51 3123 79 3182 ci
100 3122 302 3198 desperantes
316 3117 440 3178 omnino
462 3119 546 3178 tueri
568 3137 600 3178 se
616 3121 749 3197 amplius
770 3138 858 3197 posse
876 3119 1014 3180 auctori·

51 3218 118 3276 tete
140 3233 196 3275 sua
216 3213 297 3291 apud
325 3229 429 3272 omnes
451 3212 573 3272 abiecta
600 3216 693 3290 atque
715 3216 928 3291 pessumdata,
945 3211 1013 3272 ausi

51 3312 125 3368 sunt
145 3309 260 3368 Nostro
289 3305 412 3364 nomine
433 3304 465 3363 in
488 3304 603 3382 vulgus
624 3307 734 3379 edere,
757 3307 896 3384 praefixo
917 3306 1013 3365 titulo

115 3442 150 3494 (1)
162 3438 210 3488 cit.
228 3437 390 3498 Apostolicee
408 3437 520 3487 Litterae
538 3436 589 3486 diei
599 3437 629 3486 19
640 3437 726 3486 llertii
738 3437 806 3484 1791.
829 3436 886 3487 vid.
897 3451 923 3486 n.
932 3438 1012 3485 LVII.

51 3518 75 3574 3.
87 3511 164 3562 Hine
172 3511 277 3576 mirum,
289 3525 347 3573 pag.
360 3515 415 3562 288.
852 3575 855 3582 .

897 3602 915 3636 u
