2386 4194
411 168 589 228 -127-

28 277 190 338 recordatio
211 275 427 353 promissionis
448 293 468 334 a
483 278 527 336 Te
549 277 612 336 Deo
633 274 736 336 factae
758 277 808 336 die
832 277 881 336 ll.
896 278 980 337 Iunii

29 376 117 448 1775,
130 373 181 451 qui
202 372 266 433 fuit
286 373 372 434 Tuae
394 369 613 430 Coronationis
635 369 701 430 dies
717 413 725 442 ‚
741 388 812 430 oum
835 374 909 430 tunc
932 372 976 430 Te

28 469 213 530 defensurum
226 468 398 540 iuraveris‚
414 471 738 543 conseruatoremque
761 466 908 526 canonica
922 467 982 526 Ec·

26 563 140 635 clasiae,
155 564 190 622 ct
203 560 349 638 Episcopi
370 561 520 637 cuiusque
535 560 717 638 privilegia:
733 560 812 636 quod
836 559 981 637 profecto

27 659 246 717 sacramentnm
267 654 358 731 plene
379 655 533 732 perspicit
555 654 706 716 Maiestas
728 655 796 713 Tua
817 654 979 714 adversari

27 768 143 826 prorsus
164 746 309 810 Decretis
341 750 410 808 'lua
431 749 592 808 sanctione
613 747 675 808 iam
705 740 887 820 roboratis;
909 765 979 808 cum

25 845 89 903 haec
110 844 179 920 ipsa
195 861 255 902 non
278 841 342 902 alio
356 844 511 918 spectent,
528 859 619 917 quem
642 844 678 899 ut
697 839 800 900 omnia
821 840 978 900 Ecclesiae

29 937 84 996 iura
103 939 307 1009 evertantur,
322 938 417 1012 atque
431 935 577 1012 Episcopi
592 953 611 993 a
624 933 760 1012 propriis
776 933 909 994 Sedibus
924 933 979 994 de-

29 1031 177 1104 liciantur,
193 1047 230 1089 ac
250 1029 463 1106 expellantur.
873 1026 878 1038 '

73 1125 226 1186 Volumus
243 1124 309 1186 Nos
331 1122 469 1200 quidem,
486 1122 638 1200 planeque
659 1121 856 1198 agnoscimus
877 1124 978 1199 Leges

27 1217 255 1294 gubernationis
269 1214 431 1293 politicae,
446 1234 526 1293 quae
539 1216 577 1278 ad
593 1218 768 1292 potestates
781 1214 893 1275 civiles
907 1233 978 1292 per·

27 1310 128 1384 tinent,
144 1309 184 1368 ab
206 1307 364 1370 Ecclesiae
385 1308 522 1385 Legibus
550 1325 677 1385 prorsus
699 1325 764 1367 esse
785 1305 976 1381 distinctas;

26 1405 242 1479 proptereaque
263 1419 332 1460 eum
354 1400 465 1479 primis
486 1402 656 1479 parendum
679 1417 745 1460 esse
766 1400 977 1474 affirmamus,

29 1499 80 1552 tum
98 1493 209 1552 eodem
232 1495 374 1568 tempore
397 1493 599 1574 mandamus,
623 1509 660 1551 ne
683 1492 821 1565 alterae,
844 1494 976 1569 quaein

32 1585 125 1648 Nostra
147 1585 341 1646 auctoritate
362 1591 453 1659 sunt,
476 1603 495 1646 a
515 1585 599 1645 laica
620 1587 779 1663 potestate
799 1587 974 1646 violentur.

32 1678 155 1757 Plerique
177 1678 403 1756 Episcoporum
416 1681 483 1742 Nos
497 1677 529 1737 in
551 1680 609 1739 hac
624 1678 806 1755 exponenda
820 1680 978 1741 sententia

28 1776 257 1846 praevenerunt,
275 1789 344 1831 curn
359 1790 392 1832 se
412 1776 608 1850 comparatos
629 1790 695 1832 esse
718 1771 917 1832 declararent
938 1775 976 1832 ad

26 1863 144 1926 civicum
166 1866 390 1942 praestandum
415 1868 645 1926 sacramentum
674 1883 730 1943 pro
752 1864 792 1924 iis
814 1866 977 1926 servandis

29 1959 165 2033 omnibus,
182 1977 260 2035 quae
275 1958 313 2018 ed
328 1959 447 2018 saeculi
462 1958 673 2035 principatum
688 1962 843 2036 spectant3
855 1963 979 2019 contra-

30 2069 73 2125 qne
83 2056 116 2112 ad
132 2053 216 2114 illud
232 2052 333 2127 ipsum
344 2052 545 2111 abnuendum
560 2050 592 2110 in
607 2052 659 2126 iis,
674 2071 752 2129 quae
767 2055 804 2113 ed
820 2053 891 2112 iura
904 2070 978 2128 per-

30 2143 112 2206 tinent
125 2145 301 2222 potastatis
316 2144 512 2221 spiritualis.
527 2146 652 2204 Interea
665 2146 870 2206 vehementer
879 2145 979 2206 inter-

24 2245 70 2313 est,
85 2244 121 2300 ut
141 2239 296 2300 Maiestas
317 2240 385 2298 Tua
406 2238 488 2298 serio
510 2239 696 2315 intenteque
717 2238 887 2316 inspiciat,
903 2257 978 2316 qua·

21 2332 52 2392 lis
71 2353 151 2394 nuno
173 2332 219 2393 sit
240 2331 373 2392 istarum
388 2349 496 2390 rerum
518 2330 627 2403 facies,
650 2336 683 2390 et
697 2349 790 2408 quam
813 2333 978 2410 deploran-

21 2429 66 2485 dus
93 2425 199 2503 Regni
229 2425 288 2485 Tui
317 2427 437 2495 status,
462 2425 493 2484 in
515 2441 576 2500 quo
597 2424 680 2486 basis
706 2424 773 2500 ipsa
800 2425 976 2503 Religionis

21 2518 211 2578 subvertitur
231 2535 250 2578 a
270 2519 387 2579 Nostro
407 2519 617 2593 Redemptore
639 2516 781 2590 fundata3
797 2518 920 2595 iamque
935 2519 974 2578 il·

20 2611 60 2670 lue
79 2610 212 2672 audacia
232 2611 382 2687 furorque
403 2611 594 2688 prorumpit,
610 2614 646 2671 ut
667 2612 828 2684 credatur,
843 2612 975 2688 permis·

19 2720 74 2763 sum
96 2723 164 2766 esse
187 2703 307 2763 homini
329 2722 361 2762 se
383 2704 415 2762 in
436 2703 493 2764 Dei
514 2703 708 2764 substituere
729 2703 843 2776 locum,
860 2721 973 2764 novam

18 2802 141 2859 mando
165 2797 357 2870 doctrinam,
373 2815 485 2858 novam
508 2797 740 2870 Hierarchiam,
755 2797 973 2873 Disciplinam,

21 2912 115 2974 acpor
136 2896 323 2956 effrenatam
345 2895 393 2954 sui
415 2897 543 2956 arbitrii
558 2896 745 2958 violentiam
757 2896 976 2972 supprimendo
1054 2906 1060 2928 ¹

23 2985 98 3049 illam
115 2988 328 3065 Religionem,
343 3005 422 3065 quae
437 2992 475 3050 ad
491 2992 549 3050 hoe
564 3008 659 3067 usque
675 2995 797 3065 tempus
812 2989 979 3050 existima·

20 3080 117 3158 batur,
134 3088 168 3144 et
181 3087 253 3145 erat
272 3084 476 3146 dominatrix.
498 3086 672 3161 Propterea
694 3085 798 3161 palam
819 3084 978 3162 praedica-

20 3181 67 3238 tur
87 3185 182 3259 atque
197 3181 368 3242 extollitur
382 3183 508 3261 integra
524 3201 559 3242 ac
573 3183 665 3260 plena
680 3182 815 3243 hominis
829 3183 975 3255 libertas,

20 3272 84 3332 dum
108 3293 147 3333 ne
167 3275 220 3334 vel
241 3274 318 3352 ipsis
339 3277 464 3352 quidem
486 3276 610 3337 Galliae
624 3275 746 3336 civibus
766 3276 977 3337 conscientiae

18 3362 149 3425 libertas
168 3365 372 3445 relinquitur.

67 3461 156 3519 Haec
166 3465 213 3522 est
228 3479 374 3539 praesens
386 3463 520 3524 istarum
535 3479 640 3523 rerum
652 3461 802 3536 conditio,
814 3480 908 3539 quam
920 3463 973 3528 bo·
