2500 4206
446 253 481 266 -
504 220 564 281 375
585 253 622 267 -

114 340 146 398 4.
159 341 288 399 Domum
302 341 446 403 lucrandi
461 342 521 402 sibi
536 361 641 403 omnes
652 345 685 404 et
696 341 837 420 singulas
849 339 1017 417 Indulgen-

52 431 116 491 tias
139 431 188 490 sui
210 434 349 508 Ordinis,
365 437 539 496 eodemmet
558 438 648 496 modo
668 441 702 497 et
722 435 835 510 forma,
847 451 907 513 quo
922 436 1015 494 antea

51 526 85 584 in
107 527 272 603 praedicto
294 529 456 591 conventu
478 531 666 592 exsistentes
687 531 808 592 lucrari
828 531 1013 608 potuerunt.

110 607 299 680 Huiusmodi
327 641 405 683 vero
434 623 604 686 facultates
624 630 658 687 et
677 625 803 686 indulta
823 643 883 683 non
905 623 1014 695 aliter,

51 712 112 772 nisi
136 716 174 773 de
196 715 374 789 respectiva
388 718 628 778 ordinariorum
642 718 783 790 licentia,
799 721 833 778 et
847 719 885 779 ad
900 732 1015 776 annum

50 809 191 881 tantum,
215 808 241 866 si
263 809 381 870 tamdiu
401 812 513 870 horum
529 815 703 889 temporum
721 810 884 870 calamitas
901 809 1016 888 perdu-

9 931 11 938 ·
50 901 190 974 raverit,
212 919 353 961 concessa
375 903 609 981 intelligantur:
626 903 796 964 contrariis
817 891 1016 980 quibuscum·

50 1011 108 1068 que
125 1011 187 1051 non
204 993 410 1054 obstantibus.
478 1029 480 1034 ·

108 1090 229 1147 Datum
250 1089 366 1148 Romae
387 1106 426 1148 ex
448 1089 575 1149 aedibus
590 1091 692 1151 dictae
706 1091 738 1149 S.
755 1089 1016 1167 congregationis

51 1181 99 1240 die
115 1183 151 1240 et
165 1198 248 1240 anno
261 1181 373 1257 quibus
388 1198 492 1258 supra.

328 1276 371 1334 A.
385 1276 539 1353 Arubiep.
553 1277 707 1338 Adonea.
721 1276 932 1337 Secretarc'as.

194 1558 260 1626 EX
284 1465 552 1630 AUDIENufa
576 1560 875 1632 SANCTISSIMI

286 1735 412 1795 Habita
432 1737 485 1797 die
507 1735 548 1795 19
570 1737 654 1797 Iulii
674 1735 772 1797 1792.

108 1913 187 1972 Cum
202 1915 241 1974 R.
258 1915 295 1972 P.
311 1917 348 1975 Ι).
365 1914 624 1992 Archiepiscopus
645 1915 747 1976 Beriti
768 1914 907 1978 Nuntius
928 1916 1010 1991 Apo·

51 2008 186 2068 stolicus
201 2011 280 2085 apud
295 2009 458 2068 Helvetios
474 2005 569 2069 SSmo
584 2011 620 2070 D.
639 2011 680 2071 Ν.
697 2009 859 2081 retulerit,
875 2007 1015 2068 intanta

49 2121 160 2162 rerum
183 2103 432 2179 perturbatione,
455 2106 664 2180 quapropter
686 2102 862 2163 schismatis
883 2101 1015 2162 foedita-

49 2201 116 2256 tem
140 2197 172 2254 in
195 2212 291 2271 regno
313 2195 488 2255 Galliarum
510 2196 620 2257 divina
641 2197 836 2274 humanaque
858 2195 929 2256 iura
948 2194 1017 2254 vio·

49 2292 174 2362 lantur,
197 2289 396 2366 quamplures
418 2307 483 2349 asse
504 2290 707 2367 presbyteros
729 2293 902 2352 dioecesum
923 2289 1013 2368 regni

50 2384 243 2456 Galliarum,
265 2401 343 2459 quae
365 2382 465 2442 eidem
485 2383 699 2446 Nunciaturae
720 2384 862 2457 subsunt,
883 2384 936 2461 qui
958 2383 1015 2442 im·

47 2478 134 2555 pium
148 2475 373 2546 iuramentum,
387 2476 466 2552 quod
481 2480 598 2535 vocant
616 2477 770 2551 Oivioum,
787 2483 949 2556 praestare
963 2495 1015 2538 re-

50 2571 218 2640 cusantes,
245 2585 345 2644 neque
365 2568 396 2625 in
419 2566 558 2626 ecclesiis
580 2585 598 2626 a
620 2569 828 2631 schismaticis
855 2571 1014 2647 occupatis

51 2665 287 2724 sacrosanctum
309 2661 422 2721 Missae
449 2660 638 2720 sacrificium
665 2664 826 2724 celebrare
855 2665 1011 2738 volentes,

50 2758 135 2816 omni
165 2758 275 2815 carent
303 2754 400 2814 altari
426 2772 496 2814 cum
525 2759 647 2815 sacrato
676 2757 779 2834 lapide
805 2777 841 2818 ac
867 2758 1013 2835 reliquiis

50 2851 261 2921 Sanctorum,
286 2846 375 2906 utin
397 2848 453 2908 illo
478 2848 637 2908 celebrare
665 2851 809 2925 possint,
837 2870 933 2928 neque
959 2853 1013 2912 ha·

50 2944 147 3003 beant
173 2959 261 3002 sacra
288 2960 364 3001 vasa
384 2943 423 3002 ab
443 2941 593 3019 Episcopo
621 2943 805 3017 benedicta,
828 2945 938 3021 quibus
965 2943 1013 3005 uti
1119 3016 1123 3020 ⁵

50 3037 173 3114 possint
193 3037 230 3096 ad
253 3035 367 3096 Missae
381 3036 636 3096 celebrationem:
653 3037 814 3098 Sanctitas
828 3040 891 3098 Sua
910 3038 942 3097 in
965 3037 1015 3098 lu·

50 3129 169 3190 ctuosis
190 3129 275 3188 hisce
297 3133 471 3206 temporum
493 3128 749 3202 circumstantiis,
774 3133 811 3190 ad
834 3131 895 3190 mei
917 3130 1014 3192 infra-

50 3222 163 3299 scripti
176 3221 209 3281 S.
222 3223 256 3283 0.
275 3224 312 3280 de
327 3224 533 3300 Propaganda
547 3223 625 3292 Fide
639 3224 795 3284 Praefecti
811 3225 1012 3298 relationem,

49 3315 150 3374 eidem
173 3315 353 3391 Apostolico
371 3316 492 3377 Nuntio
513 3315 696 3378 facultatem
718 3316 851 3394 benigne
865 3316 1011 3392 indulsit,

50 3411 89 3468 nt
108 3425 167 3485 pro
189 3426 245 3467 suo
267 3408 403 3468 arbitrio
424 3413 457 3469 et
479 3410 673 3470 conscientia
700 3410 943 3488 quibuscumque
965 3427 1014 3470 sa·

50 3499 232 3561 cerdotibus
247 3504 311 3562 tam
327 3502 539 3564 saecularibus
557 3521 649 3580 quam
663 3503 864 3582 regularibus
878 3522 917 3564 ex
932 3505 1017 3564 dioe-
