2386 4194
631 169 809 228 -170-

238 278 507 353 pentoractensem
536 274 702 346 civitatem
730 272 868 350 impetus
897 271 995 344 facti,
1016 258 1173 636 atque}

236 369 407 431 effrenatae
429 369 601 430 violentiae
623 385 758 448 genera,
780 385 859 444 quae
879 364 1030 426 scelestos
1055 369 1133 427 aneto

237 469 366 525 aeterna
386 463 587 542 ignominiae,
603 464 811 539 infamiaeque
835 459 904 520 labe
925 458 1134 536 inquinabunt.

237 557 320 616 enim
340 556 562 618 crudelitatem
589 557 753 619 imitantes
782 555 925 625 Iasonis,
947 551 1117 622 inimicita
1172 631 1173 640 ἵ

233 653 425 728 patriarum
452 659 483 712 et
503 650 581 724 Dei,
605 652 708 713 veluti
732 670 845 715 sacrae
868 658 905 715 de
927 673 964 715 eo
986 641 1173 733 Pupiuuetc'

237 746 365 804 stantun
376 744 433 823 (l),
447 748 482 804 ut
494 745 591 818 cives,
600 748 638 834 et
652 746 879 808 comitatenses
891 748 1101 810 transferrent
1110 763 1151 821 ap

237 837 312 898 triis
332 841 365 898 et
385 837 442 898 Dei
461 837 611 915 Legibus,
635 857 694 898 non
715 845 929 917 pepercerunt
950 844 990 901 in
1011 839 1102 902 caede
1119 839 1174 898 ciet

238 933 294 992 tus
314 934 395 1003 suis,
421 948 477 991 nce
502 931 684 1009 cogitarunt
707 937 959 1011 prosperitatem
981 935 1127 994 udverm
1142 947 1174 990 uo

237 1033 355 1103 poclm
378 1029 502 1087 malum
522 1041 587 1087 esse
607 1029 810 1101 modrimem,
835 1028 1034 1089 arbitrantes
1054 1028 1171 1094 hostius

237 1127 269 1179 et
281 1137 350 1179 nou
370 1122 492 1180 ciuium
513 1136 545 1179 se
559 1119 716 1195 trophaea
727 1131 878 1198 capturos
889 1123 947 1204 (2):
961 1121 1055 1200 digni
1065 1123 1173 1198 propter·

238 1232 293 1288 ea,
315 1214 387 1290 qui,
409 1232 469 1272 nou
491 1231 579 1274 secus
600 1218 693 1291 atque
714 1216 752 1275 de
772 1215 891 1276 Iasone
917 1215 1044 1275 factum
1070 1219 1127 1283 est,
1143 1213 1170 1270 le

237 1307 400 1367 clarentur
425 1305 566 1366 omnibus
593 1307 697 1367 odiosi
721 1312 755 1369 et
779 1307 1175 1387 ecsecraosles‚,uegunet

237 1399 360 1476 patriae
381 1398 560 1475 proditores
581 1399 639 1478 (3).

298 1493 332 1552 In
355 1492 469 1570 vulgus
490 1493 597 1571 spargi
617 1497 762 1572 coeptum
780 1497 847 1566 est,
869 1495 1002 1557 huiusce
1025 1489 1168 1555 rebelliout

238 1601 361 1645 causam
382 1602 422 1645 ex
443 1603 591 1660 onerum,
613 1585 726 1664 quibus
746 1588 886 1666 Pupulus
907 1589 1117 1666 premeretur,
1134 1598 1171 1640 nr

237 1677 400 1756 gnitudine
413 1679 579 1756 proficisci.
597 1680 656 1740 Sed
672 1697 742 1740 oum
757 1681 868 1758 cuique
890 1683 1034 1758 pateret,
1049 1692 1172 1740 commen·

238 1771 343 1832 titiam
364 1773 488 1832 omnino
516 1791 583 1833 esse
604 1791 730 1834 eausam
758 1775 955 1847 huiusmodi,
979 1777 1016 1834 et
1036 1754 1176 1842 calumniosi

237 1869 382 1946 planam,
404 1888 440 1929 eo
461 1873 539 1947 quod
568 1873 822 1946 avenionensis,
844 1878 878 1934 ct
897 1870 1118 1936 comitatensis
1137 1868 1176 1926 Pu

238 1963 342 2040 pulus,
359 1964 445 2024 nullo
467 1965 670 2044 vectigalium
694 1985 807 2044 genere
823 1985 960 2045 pressus,
978 1968 1058 2027 adeo
1078 1963 1171 2034 lentae

238 2061 412 2136 temperato
437 2058 590 2136 regimine
612 2062 784 2136 utebatur,
808 2066 844 2122 ut
865 2061 953 2123 illius
974 2058 1120 2122 felicitati
1136 2071 1171 2113 nor

238 2152 305 2212 sine
326 2169 418 2213 causa
442 2153 582 2231 reliquae
609 2155 763 2216 Nationes
787 2154 989 2229 inviderent,
1013 2153 1103 2215 facile
1126 2156 1171 2209 turc

237 2250 433 2325 perspectum
447 2247 521 2322 fuit,
538 2249 662 2309 unicam
678 2254 712 2310 et
726 2267 835 2310 veram
860 2267 986 2311 oausam
1006 2266 1076 2309 csse
1089 2245 1177 2306 effren

239 2343 401 2401 libertatis
421 2342 572 2402 studium:
592 2343 630 2403 ad
644 2344 725 2404 hanc
740 2360 815 2403 vero
829 2346 1057 2421 assequendam
1077 2339 1166 2402 dictu

239 2437 397 2509 tumeat,
419 2453 495 2513 opus
515 2436 640 2496 omnino
662 2455 728 2497 csse
750 2437 930 2498 universam
952 2434 1109 2498 Gallicani
1121 2433 1169 2492 con·

238 2530 352 2589 ventus
373 2529 638 2590 constitutionem
664 2533 729 2590 tam
751 2529 782 2589 in
805 2529 966 2608 politicis,
990 2547 1083 2608 quam
1102 2527 1127 2585 in
1143 2537 1171 2580 er

238 2622 423 2685 elesiasticis
437 2621 658 2699 religiosisque
673 2621 766 2682 rebus
779 2622 941 2700 amplecti,
954 2626 989 2682 et
1002 2624 1043 2683 ad
1058 2620 1172 2680 maiorm

237 2715 528 2791 diuturnioremque
544 2714 734 2776 felicitatem
748 2714 1033 2776 constabiliendum
1047 2715 1170 2791 oportert

239 2816 276 2873 ut
295 2812 403 2891 populi
423 2812 668 2886 Avenionenses,
691 2815 723 2872 et
745 2812 972 2875 comitatenses
993 2816 1034 2874 ad
1054 2811 1171 2874 Gallicam

237 2909 395 2971 Ditionem
418 2907 610 2969 transirent.

298 3006 362 3065 Has
382 3003 469 3064 inter
490 3001 626 3063 nefarias
646 3001 880 3080 improbitates,
895 3021 956 3062 uon
971 3001 1140 3062 destitimus
1154 3009 1172 3048 e

237 3095 361 3174 quidem
384 3095 508 3173 utrique
529 3094 650 3172 Populo
665 3095 770 3173 palam
792 3093 908 3169 facere,
922 3093 1028 3173 qualis
1043 3097 1076 3154 et
1087 3089 1171 3170 querit

238 3193 322 3250 esset
340 3191 461 3252 Nostra
481 3189 512 3248 in
535 3189 679 3267 ingratos
701 3189 799 3250 etiam
819 3189 969 3251 Parentis
991 3207 1027 3250 ac
1050 3177 1171 3257 Prineili²

301 3338 335 3392 (1)
351 3335 470 3384 lambat.
482 3335 529 3408 lib.
542 3338 577 3393 11,
589 3349 645 3396 cap.
657 3339 688 3384 V.

302 3414 338 3467 (²)
356 3411 421 3460 Ibid.
440 3424 509 3460 vers.
523 3414 547 3469 6,
560 3413 585 3459 et
597 3413 636 3459 18.

305 3491 339 3546 ‹a›
356 3489 422 3538 Ibid.
434 3503 502 3538 vers.
514 3491 538 3548 8,
550 3492 576 3537 et
588 3491 626 3538 14.
