2456 4192
202 257 320 318 riosnm
340 260 487 317 conatum
502 257 604 317 Tuum
625 257 761 335 optimus
776 259 986 335 consequatur
999 273 1181 330 successus,

204 367 296 429 quem
315 351 471 411 Noenum
494 350 637 412 omnibus
657 350 753 411 Bonis
774 349 994 412 ardentissime
1015 349 1181 427 cupimus,

202 444 362 521 Nobisque
382 444 582 520 pollicemur.
603 446 699 522 quue
725 464 782 525 per
803 445 905 506 Tuam
932 462 1060 522 operam
1083 463 1103 504 a
1125 445 1184 506 Di-

204 537 279 599 vina
289 537 503 598 misericordia
518 541 751 616 exspectantes,
760 538 889 599 interim
901 537 986 610 Tibi,
1001 537 1185 599 Venerabi·
1218 609 1219 614 γ

203 630 244 690 lis
259 631 387 704 Frater,
402 630 617 707 Apostolieam
629 631 884 693 Benedictionem
898 630 930 690 in
944 629 1080 708 amplius
1092 631 1186 690 Pon-

203 721 322 784 tificius
342 722 582 785 benevolentiae
597 723 712 802 pignus
733 725 936 802 peramanter
956 723 1181 803 impertimur.

261 819 379 877 Datum
401 817 518 878 Romae
540 820 621 893 apud
650 818 684 877 S.
699 817 832 878 Mariam
857 817 1010 878 Maiorem
1032 817 1091 876 sub
1112 818 1186 877 An-

204 910 279 971 nulo
305 908 498 983 Piscatoris,
522 910 573 970 die
600 911 643 972 X.
665 910 739 971 Iulii
759 912 933 974 MDGGXG.
964 910 1184 972 Pontificatus

205 1001 319 1065 Nostri
338 1005 430 1064 Anno
452 1004 540 1064 XVI.

726 1097 833 1173 PIUS,
848 1097 902 1175 qni
915 1114 1012 1175 supra
1026 1095 1083 1177 (ἢ.

639 1309 731 1368 vll.

519 1427 715 1472 vunnuaum
736 1429 857 1474 suanm

395 1540 727 1626 mercuriae
767 1563 982 1625 unsrun

431 1728 681 1807 Arctiepiecopo
712 1726 952 1805 Burdipuleusi
1025 1766 1026 1771 κ

382 1896 582 1981 PIUS
645 1895 866 1976 ΡΑΡΑ
923 1894 993 1974 VI.

251 2119 255 2128 '
324 2111 412 2168 ven.
433 2108 568 2178 Frater,
581 2104 736 2164 Salutem
757 2109 794 2164 et
813 2103 1054 2174 Apostoliuam

539 2203 838 2263 Benedictiunem.

263 2395 325 2456 Illa
345 2393 482 2469 fiducia,
505 2393 537 2453 in
566 2411 659 2471 quam
687 2393 866 2454 inducimur
894 2411 913 2454 a
933 2393 1094 2470 patefacta
1117 2413 1179 2472 pen·

203 2488 457 2550 benevolentiam
480 2489 580 2548 Tuum
602 2487 690 2549 inter
708 2489 775 2551 Nos
795 2487 1095 2562 communicatione,
1118 2507 1179 2548 ex-

203 2582 284 2644 citat
304 2580 522 2659 Apostolicum
542 2581 696 2643 Nostrum
718 2580 879 2654 animum,
902 2583 939 2641 ni
954 2582 1058 2640 Tuum
1079 2581 1177 2642 Reii-

203 2676 305 2756 gionis
328 2677 428 2737 uelum
450 2675 701 2748 inflammemus,
722 2693 815 2752 quem
843 2674 978 2735 maxime
1006 2675 1176 2752 postulant

203 2771 281 2833 haec
302 2772 448 2847 tempora
471 2768 625 2830 Gallicam
646 2766 862 2829 Monarchiam
882 2767 916 2827 in
937 2781 1092 2829 summum
1112 2769 1179 2830 dis·

267 2928 302 2985 (⁹)
318 2928 366 2976 Die
382 2929 414 2976 29
429 2926 490 2974 Iulii
506 2927 569 2974 1790
583 2923 715 2985 respondit
729 2924 944 2985 Archiepisoopua
959 2938 1041 2984 nuper
1050 2925 1107 2974 vitu
1117 2926 1178 2975 inn-

203 3006 269 3062 otus,
286 3014 316 3052 ao
330 3001 417 3050 omnia
431 3001 631 3060 praestiturum,
649 3001 758 3059 quaein
775 3013 823 3049 nuc
843 3002 931 3048 essent
951 3001 1086 3062 potestate,
1104 3000 1179 3048 nisce

202 3080 271 3128 inter
292 3079 380 3126 uetera
403 3075 526 3124 adhibitis
541 3074 636 3123 verbis:
653 3070 747 3136 Neque
764 3072 851 3136 (quod
866 3072 940 3121 Deua
958 3079 1070 3136 matut,
1080 3071 1181 3137 ipsius·

203 3149 448 3218 poemiamcords'u
463 3164 521 3199 noo
536 3156 694 3198 eventurum
705 3147 824 3212 confido)
841 3161 900 3197 cnm
917 3147 1053 3210 &decos-e,
1075 3161 1110 3219 uc
1127 3163 1179 3199 oca

204 3231 261 3279 iera
272 3225 408 3292 proditae,
418 3226 461 3274 uei
471 3224 589 3274 dmartuc
599 3222 678 3274 Fidei
688 3239 769 3276 cunno
778 3239 847 3274 meos
864 3224 901 3274 od
916 3225 1024 3290 inferos
1034 3223 1175 3276 dadacum.

267 3305 337 3352 Haeo
346 3304 416 3361 nota,
426 3303 453 3349 ot
462 3315 533 3365 quoe
541 3300 755 3365 subsequuntur,
764 3302 792 3351 ln
799 3303 987 3362 exemplaribus
994 3303 1026 3352 ab
1037 3304 1135 3352 Exceli
1146 3317 1178 3351 ac

204 3383 268 3430 Rev.
284 3380 384 3428 Nuncio
402 3378 434 3426 aii
451 3381 571 3428 Tuscium
596 3380 680 3428 Rheni
696 3379 826 3428 concessis
845 3378 1008 3440 reperiuntur
1017 3412 1025 3440 ,
1042 3380 1069 3427 et
1083 3378 1177 3428 exinde

203 3457 257 3505 hnc
271 3454 415 3503 translatae
431 3455 499 3502 suut.
518 3451 596 3518 (Not.
614 3451 693 3502 Edit.
706 3466 752 3502 un.
766 3451 850 3512 1800.)
