2364 4198
617 197 736 258 -234
757 227 795 240 -

226 306 265 366 ad
296 302 590 382 archiepiscopalem
620 305 791 368 Ecclesiam
826 306 1032 368 senonensem
1057 307 1085 366 in
1104 320 1171 378 pror

222 399 330 459 vincia
350 397 536 474 Campaniae
558 397 613 478 (l).
637 399 720 465 Quos
741 399 864 474 quidem
885 401 964 461 alios
990 399 1060 460 aliis
1077 399 1158 477 potio·

225 511 278 555 res
298 493 492 571 dignitatum
513 494 630 569 gradus
651 492 701 552 cui
723 491 917 570 potissimum
938 493 1057 554 referre
1075 491 1160 551 debuit

224 588 382 663 acceptos,
397 601 490 663 quam
511 587 636 646 sanctae
650 586 724 646 huic
746 586 832 659 Sodi,
848 605 927 664 qnae
940 592 974 648 et
988 587 1088 665 regias
1104 603 1159 662 pro·

223 681 316 741 barat
338 678 589 753 nominationes,
611 681 645 739 et
666 679 774 750 semel,
796 677 932 754 iterum,
954 699 991 741 ac
1013 680 1103 740 tertio
1121 695 1159 754 per

223 774 412 852 apostolicas
432 772 562 834 litteras
575 772 756 833 canonicam
778 772 877 833 eidem
892 773 1012 852 largita
1030 777 1096 833 erat
1107 771 1159 830 mis·

223 867 365 928 sionem!
1171 867 1172 922 l

281 965 406 1024 Revera
425 961 549 1039 quidem
569 961 625 1021 ille
645 961 682 1020 ad
704 959 844 1037 singulas
864 979 1003 1038 quasque
1024 960 1103 1020 vices
1118 969 1172 1018 ex-

223 1055 330 1133 plebat
348 1058 458 1132 partes,
475 1072 547 1113 suas
567 1054 598 1113 in
608 1054 801 1130 praestando
822 1055 1019 1114 obedientiae
1041 1071 1076 1114 33
1088 1053 1159 1112 fideli·

222 1149 299 1210 tntis
310 1167 387 1226 erga
396 1147 567 1208 Ecclesiam
581 1150 614 1206 et
625 1147 835 1223 Apostolicam
848 1147 958 1206 Sedom
974 1152 1155 1214 sacramento,

223 1258 410 1318 suorumque
431 1233 550 1300 memor
570 1257 648 1317 erga
668 1242 764 1300 Deum
779 1239 966 1314 officiorum,
982 1259 1064 1318 quae
1084 1257 1155 1299 susce

222 1336 287 1413 ptis
308 1339 400 1395 erant
419 1334 586 1393 coniuncta
606 1333 832 1410 dignitatibus,
854 1333 939 1394 inter
960 1334 1151 1410 praeclariores

222 1429 448 1488 numerabatur
468 1426 556 1486 illius
578 1425 680 1504 Regni
702 1427 879 1503 Episcopos‚
894 1446 963 1487 cum
980 1429 1114 1504 plurimo
1129 1425 1153 1482 in

223 1522 410 1582 conderetur
432 1520 535 1580 studio
550 1519 727 1596 Religionis
741 1520 959 1597 Ecclesiaeque
973 1522 1016 1580 ab
1031 1521 1071 1580 iis
1084 1519 1157 1580 delen·

222 1616 341 1676 dendae
362 1613 542 1687 erroribus,
557 1631 633 1689 quos
654 1616 721 1673 tum
743 1613 844 1673 multa
865 1632 935 1674 cum
956 1614 1081 1674 laude
1073 1631 1125 1688 imp
1127 1628 1174 1686 33

223 1709 336 1780 habat,
354 1725 433 1767 nunc
454 1723 530 1766 vero
551 1709 662 1764 contra
682 1709 717 1765 et
736 1705 836 1779 iuvet,
851 1712 885 1766 et
905 1705 1058 1768 miserum
1077 1707 1104 1765 in
1117 1719 1174 1766 ne

224 1804 296 1862 dum
317 1805 470 1874 sectatur,
485 1819 521 1861 ac
541 1801 669 1877 profitet
672 1820 720 1863 un.
1173 1801 1174 1826 ³

283 1897 317 1956 In
339 1895 482 1958 Comitiis
504 1895 709 1956 Generalibus
735 1896 820 1958 Cleri
841 1895 996 1956 Gallicani
1013 1913 1093 1955 anno
1107 1889 1160 1952 1766

224 1990 342 2050 habitis
356 1990 402 2068 (2)
416 2007 487 2050 cum
508 2007 680 2051 sermonem
702 1992 850 2064 haberet,
866 1990 995 2068 egregie
1018 1991 1095 2050 illud
1113 2002 1161 2045 con·

223 2083 344 2156 tendit,
360 2085 408 2142 ut
416 2099 516 2159 neque
544 2082 670 2155 verior,
692 2101 790 2160 neque
811 2084 928 2143 fortior
948 2101 1017 2142 esse
1041 2076 1145 2159 possit
1140 2093 1159 2134 3

223 2178 361 2256 patriam
381 2195 487 2250 amor,
503 2177 530 2238 si
552 2178 604 2237 vel
625 2195 736 2239 causae
751 2179 801 2239 vel
816 2179 945 2240 effectus
959 2177 1175 2280 inspiciantur,

224 2289 315 2348 quam
336 2289 405 2330 cum
427 2270 509 2329 idem
531 2269 707 2347 Religionis
727 2270 963 2332 fundamento'
954 2272 1042 2329 rnnit
1029 2270 1108 2329 titur
1124 2249 1175 2374 (3λῖ

253 2367 329 2442 At
349 2363 449 2423 multo
468 2362 565 2422 etiam
586 2364 687 2440 magis
708 2363 796 2424 illius
816 2363 936 2423 effulsit
956 2365 1055 2423 ardor
1074 2341 1175 2421 enini

224 2475 293 2517 cum
309 2456 341 2515 in
354 2456 466 2518 Oomit'
459 2456 497 2515 ris
444 2456 718 2516 tGeneralibus
739 2455 812 2516 anni
830 2455 979 2533 173531),
997 2457 1090 2515 docta
1102 2463 1157 2514 sane,

225 2567 418 2627 nervosaque
440 2547 583 2610 oratione
605 2550 803 2623 ostenderet,
819 2567 878 2607 non
902 2548 1005 2608 minus
1027 2539 1160 2623 Reipubli·

288 2672 323 2727 (1)
339 2672 405 2718 Acta
422 2669 572 2719 consistorii
588 2669 639 2716 3133
656 2672 686 2717 10
700 2670 787 2717 1133311
803 2671 874 2718 1786.

288 2749 324 2799 (3)
342 2746 405 2794 Cum
416 2746 485 2792 esset
494 2744 685 2793 condomiensis
695 2745 845 2803 Episcopus,
856 2743 927 2790 hisce
937 2741 1055 2790 comitiis
1073 2733 1163 2788 13133333

121 2809 125 2816 ’
216 2812 354 2879 'tamqnam
369 2819 520 2869 Provinciae
535 2819 732 2878 Burdegalensis
747 2821 909 2869 Procurator.
920 2816 1031 2875 (333333
1048 2809 1162 2864 umbaldo

224 2896 389 2946 l'Asscmblee
404 2895 528 2944 (33333313
543 2896 744 2946 extraordlnaire
755 2896 790 2942 du
801 2893 889 2953 clergo
899 2893 930 2941 33
939 2895 1040 2940 Franco
1050 2891 1081 2938 33
1089 2882 1162 2937 lumin

226 2974 296 3021 1763.
307 2985 365 3032 pag.
377 2976 401 3020 8.
413 2970 437 3032 §.
448 2969 491 3019 Lu
502 2969 715 3034 procurationi

288 3049 323 3102 (6)
340 3049 390 3096 cit.
401 3044 494 3093 Proeto
512 3046 607 3094 Verba]
622 3059 680 3105 pag.
693 3048 731 3095 16.
743 3045 767 3107 §.
779 3043 819 3092 La
828 3043 916 3107 Sujct,
933 3041 956 3104 §.
969 3040 1153 3102 Mamaeam.

287 3124 321 3178 ‹4›
338 3123 460 3170 Interfuit
474 3121 516 3168 hls
536 3123 652 3171 comitiis
670 3123 800 3180 tamquam
816 3122 958 3179 Deputatus
977 3115 1163 3166 volcmarum

224 3199 334 3256 3333133,
347 3200 421 3246 cuiue
439 3200 501 3244 3333
511 3199 567 3245 erat
582 3197 804 3256 archiepiscopus,
816 3199 842 3244 et
852 3199 983 3254 tamqnam
993 3198 1099 3242 Praenes
1109 3193 1162 3239 Gon·

225 3273 356 3320 missionis
374 3284 451 3332 super
469 3272 503 3319 iis
522 3284 588 3330 quac
607 3271 640 3318 ad
658 3271 865 3318 Ecclesiasticam
884 3268 1087 3316 iurisdictionem
1104 3261 1162 3324 perti·

224 3352 323 3397 nerent.
337 3346 757 3402 (Ρ33333333331333333333133
768 3346 892 3394 uenerem
902 3345 937 3392 du
947 3344 1035 3404 clergo
1048 3345 1078 3392 33
1089 3345 1161 3389 uranu

225 3424 257 3472 de
277 3423 376 3472 l’annde
400 3425 470 3481 1766,
494 3421 613 3470 33331333
632 3425 747 3481 331366,
768 3435 827 3482 pag.
838 3425 862 3471 8.
873 3420 896 3484 §.
909 3418 951 3468 Lu
962 3411 1175 3484 procurarunt

225 3513 284 3559 pag.
302 3503 341 3549 36.
362 3500 385 3562 §.
398 3497 475 3546 Pour
492 3497 718 3555 resurrection.)
