2456 4192
215 254 293 317 sime
315 256 347 315 in
369 254 496 317 Christo
518 253 586 316 Fili
606 256 742 327 Noster,
772 270 849 330 erga
876 251 1077 330 Religionem
1099 253 1213 314 obse-

213 349 301 426 quio,
318 367 377 426 quo
400 366 507 408 amore
521 348 553 407 in
577 349 610 406 S.
626 345 840 424 Apostolicam
855 345 978 406 Sedem.
996 345 1092 406 Veris
1120 364 1211 408 sane

213 442 395 503 rationibus
417 442 564 503 inductus
586 459 619 500 cs
640 441 679 499 ad
701 441 910 513 eredendum,
926 441 971 498 Te
992 441 1030 498 ad
1046 437 1128 501 'Nos
1155 459 1212 500 re·

215 553 344 596 currere
360 535 513 609 debuisse,
530 553 567 594 ne
589 535 754 594 aberrares
773 552 792 595 a
812 531 969 594 canonicis
990 532 1149 609 regulis,
1174 539 1212 596 et

214 629 254 690 ab
268 628 464 691 Universalis
479 628 636 690 Ecclesiae
652 627 834 706 disciplina,
851 644 921 687 cum
943 628 1053 703 utpote
1069 627 1213 703 primo·

216 723 342 800 genitus
357 721 494 782 eiusdem
515 722 613 796 filius,
629 721 797 798 agnoveris
812 722 1008 781 Potestatem
1034 719 1211 797 spiritua·

214 817 278 877 lem
299 819 333 877 et
354 815 562 892 temporalem
593 819 703 875 mutuo
724 814 786 874 sibi
816 813 935 876 anxilio
957 831 1025 874 esse
1047 815 1208 888 debere,

215 909 373 986 soliusque
386 907 543 968 Ecclesiae
558 906 608 966 ius
621 925 699 980 esse,
713 907 841 967 excluso
856 923 1047 984 quocumque
1058 910 1208 970 tantum

214 1003 345 1082 politico
368 1005 543 1077 Conventa,
560 1005 702 1062 statuere
716 1004 754 1062 dc
769 1002 989 1079 spiritualibus
1010 1002 1126 1076 rebus,
1149 1024 1209 1065 ne·

214 1117 274 1176 que
288 1097 405 1157 idcirco
426 1097 512 1157 aliud
528 1097 560 1154 in
583 1096 695 1155 iisdem
709 1095 747 1154 ad
763 1097 960 1156 Potestatem
976 1099 1206 1173 temporalem

213 1195 368 1270 spectare,
381 1209 477 1268 quam
493 1192 529 1250 ut
550 1208 606 1250 suo
622 1188 706 1249 adsit
720 1189 857 1249 subsidio
872 1189 961 1250 illius
976 1193 1205 1267 exsequendis

215 1282 362 1345 decretis.
387 1281 422 1343 Si
443 1283 470 1341 is
501 1282 588 1342 inter
621 1300 742 1342 sacram
771 1282 958 1359 ciuilemque
985 1283 1206 1345 Potestatem

215 1379 291 1436 ordo
304 1395 363 1435 nou
375 1380 536 1450 servetur,
547 1376 618 1437 iura
631 1395 754 1438 necesse
766 1380 816 1437 est
827 1377 1056 1455 perturbaretur
1066 1381 1203 1456 omnia,

214 1489 251 1531 ac
272 1474 339 1531 tum
361 1471 555 1548 publicarum
577 1488 683 1531 rerum
705 1471 855 1546 confusio,
879 1475 973 1549 atque
995 1471 1147 1534 schisma
1168 1475 1203 1534 in

213 1566 317 1626 locum
346 1564 505 1626 inferatur
532 1565 634 1625 felicis
666 1565 756 1626 illins
784 1566 984 1640 concordiae,
1006 1584 1064 1643 per
1093 1581 1203 1646 quam

213 1657 339 1718 Fideles
360 1658 502 1718 universi
522 1658 662 1719 unanimi
677 1659 762 1718 iuter
783 1677 816 1718 se
831 1660 1031 1720 consensione
1051 1662 1203 1723 coniun-

215 1755 344 1831 gantur.

273 1847 404 1923 Semper
425 1845 569 1924 qoidem,
585 1864 656 1906 oum
676 1845 819 1907 Ecclesia
832 1845 865 1904 in
881 1848 1108 1922 tempestatum
1135 1851 1204 1911 flu·

214 1943 284 1999 ctus
299 1939 465 2013 incideret,
481 1957 538 2016 per
551 1939 675 2016 aliquod
691 1939 750 1999 illa
765 1942 887 2016 tempus
902 1957 989 1999 suam
999 1957 1040 1999 ex
1050 1943 1202 2024 adverso

213 2033 388 2112 opponebat
401 2031 602 2110 patientiam,
619 2033 671 2092 sed
687 2037 721 2093 ct
735 2035 810 2093 tunc
825 2051 885 2091 non
901 2031 963 2092 nisi
977 2032 1123 2093 firmiter
1140 2053 1201 2095 ac-

213 2113 384 2204 curatequb
402 2126 606 2186 observandis
627 2127 800 2187 Catholicis
818 2126 1023 2204 praescriptis
1038 2125 1200 2189 inhaere-

214 2219 281 2280 bat.
297 2218 374 2279 Pari
395 2219 461 2281 Nos
483 2218 521 2277 ab
542 2217 665 2295 aliquot
692 2219 784 2279 annis
806 2219 839 2278 in
861 2218 993 2278 Gallicis
1018 2218 1118 2280 rebus
1145 2225 1200 2283 usi

214 2310 388 2371 tolerantia
409 2326 535 2384 sumus,
555 2309 773 2371 existimantes
795 2329 855 2370 non
885 2311 1095 2373 attollendam
1121 2333 1198 2376 esse

212 2421 321 2464 vocem
333 2406 495 2479 Nostram,
512 2422 611 2482 neque
625 2407 664 2464 ad
679 2405 796 2466 iustam
817 2397 1020 2467 severitatem
1034 2423 1200 2483 prorum-

212 2499 365 2575 pendum,
380 2499 453 2558 dnm
465 2498 566 2558 adhuc
586 2498 681 2558 animi
697 2498 896 2576 opinionibus
910 2502 1003 2576 atque
1018 2501 1197 2562 erroribus

212 2591 245 2650 in
261 2591 399 2651 furorem
411 2591 549 2669 correpti
560 2593 781 2662 exardescunt,
794 2592 1087 2669 praeparandasque
1098 2593 1196 2655 hunc

211 2684 245 2744 in
267 2674 391 2744 modum
412 2687 545 2758 mentes,
560 2687 598 2744 ut
617 2684 658 2745 iis
679 2683 966 2745 defervescentibus
986 2683 1132 2745 motibus
1156 2688 1193 2746 in

127 2851 129 2858 .
212 2795 246 2840 se
266 2777 373 2839 redire
393 2777 525 2855 possint,
541 2795 577 2837 ae
592 2796 670 2838 vera
690 2777 838 2837 credendi
852 2777 1021 2856 principia,
1037 2777 1195 2840 retinen·

212 2873 328 2949 dasque
349 2857 565 2949 Evangelicae⁴
581 2871 676 2949 Legis
696 2887 821 2931 normas
843 2888 1022 2948 agnoscere.

272 2967 420 3028 Fortasse
433 2968 542 3045 plures
564 2983 604 3026 ex
618 2965 679 3026 Tui
700 2965 806 3042 Regni
822 2966 983 3044 Episcopis
997 2966 1110 3027 mirati
1131 2988 1192 3029 ve-

212 3061 378 3120 hementer
397 3062 483 3134 sunt,
499 3060 579 3137 quod
600 3059 664 3121 Nos
681 3058 842 3119 silentium
864 3058 895 3120 id
916 3060 1069 3121 Nostrum
1093 3059 1192 3122 claro

214 3154 405 3232 solemnique
427 3156 561 3216 clamore
594 3171 653 3212 non
676 3153 777 3213 adhuc
805 3151 1005 3229 ruperimus,
1028 3152 1082 3212 sed
1116 3153 1193 3232 ipsa

212 3247 365 3309 Maiestas
386 3251 455 3309 Tua
476 3251 578 3308 certos
598 3264 649 3306 cos
670 3263 776 3306 omnes
804 3245 907 3306 facere
929 3246 1045 3322 potest,
1061 3253 1193 3322 quanta

211 3341 331 3403 Nostra
358 3343 510 3402 hactenns
538 3340 638 3404 officia
659 3339 803 3400 adhibita
834 3339 951 3398 'l'eeum
972 3337 1096 3397 inerint
1129 3358 1191 3417 pro

214 3436 332 3496 tuenda
353 3434 538 3513 Religione,
554 3434 617 3496 iam
638 3433 772 3510 alonge
794 3436 935 3514 tempore
962 3430 1034 3512 istie
1056 3433 1109 3490 tot
1134 3451 1193 3492 ve·
