2498 4200
237 309 376 368 eiusdem
396 307 570 384 impetrata
590 308 705 381 venia,
728 325 833 370 coram
861 308 1022 370 sacerdote
1042 307 1208 368 catholico

237 402 390 473 celebret,
407 399 510 460 videri
531 405 638 479 posset
657 402 800 464 intrusus
819 422 876 480 pro
897 402 1042 480 legitimo
1063 404 1209 480 parocho

239 514 258 554 a
279 494 423 554 fidelibus
444 495 583 572 probari3
598 497 678 573 qaod
700 515 774 557 sane
795 497 977 575 fugiendum
999 499 1059 556 est.

298 589 353 649 Sin
375 589 609 649 matrimonium
625 609 645 650 a
658 609 690 651 se
704 591 767 650 iam
782 597 978 653 contractum
992 591 1084 652 civili
1098 590 1209 669 magi-

239 682 356 742 stratui
378 682 530 755 declaret,
546 683 674 752 videtur
687 685 861 746 catholicus
883 703 968 746 suam
983 685 1076 744 fidem
1097 685 1211 745 ciura-

239 795 286 848 re,
302 779 397 851 atque
410 777 447 834 ad
468 777 731 836 heterodoxorum
746 783 853 854 partes
869 779 1017 852 transire,
1034 782 1071 838 ut
1092 796 1209 840 eorum

239 869 410 947 privilegio
430 867 495 928 frui
516 871 623 946 possit.
644 872 724 932 Nam
746 871 928 931 acatholicis
949 872 1119 934 dumtaxat
1140 871 1211 931 edi-

240 967 325 1022 ctum
347 963 471 1040 regium
492 964 608 1023 mensis
627 966 815 1026 Novembris
836 966 910 1026 anni
934 968 1012 1028 1787
1033 968 1207 1041 concessit,

241 1062 289 1131 ut,
302 1077 358 1118 sua
372 1057 575 1118 matrimonia
594 1059 685 1118 civili
699 1061 902 1136 magistratui
916 1061 943 1120 si
961 1061 1022 1138 ipsi
1034 1061 1209 1122 denuncia-

240 1157 325 1226 rent,
340 1153 487 1212 civilibus
508 1152 671 1212 effectibus
692 1154 750 1214 illa
771 1157 957 1232 gauderent.

301 1250 344 1308 Ut
370 1246 473 1323 igitur
494 1248 530 1306 ad
562 1248 637 1307 haec
658 1250 764 1308 omnia
790 1253 866 1326 apta
886 1251 1018 1310 daretur
1039 1265 1156 1310 norma
1175 1248 1205 1306 in

241 1340 438 1400 matrimonii
459 1340 671 1401 celebratione
686 1346 854 1416 servanda,
876 1342 958 1402 idem
980 1342 1201 1403 Sanctissimis

241 1435 348 1510 plures
369 1434 496 1512 regulas
517 1438 673 1510 ponendas
693 1437 744 1504 hic
764 1437 878 1510 iussit,
900 1439 1012 1513 quihus
1032 1438 1201 1498 catholico·

241 1544 311 1585 rum
324 1526 535 1594 matrimoniis
548 1527 682 1588 firmitas
693 1532 901 1602 assereretur,
915 1530 1002 1590 nulla
1013 1529 1112 1590 iidem
1128 1530 1206 1590 schi-

241 1621 352 1680 smatis
372 1621 558 1698 contagione
580 1623 812 1698 polluerentur,
827 1628 861 1684 et
882 1625 1075 1684 exteriorem
1098 1641 1206 1702 quam-

242 1733 372 1791 cumque
394 1715 533 1775 haeresis
554 1715 772 1792 professionem
795 1717 987 1778 devitarent.

302 1809 409 1868 Primo
429 1809 530 1886 igitur
551 1809 658 1870 fideles
676 1809 708 1868 in
730 1811 843 1870 Galliis
865 1812 980 1870 debent
1001 1811 1205 1870 matrimonio

244 1903 389 1980 coniungi
411 1923 430 1963 a
448 1921 502 1962 suo
524 1905 660 1980 parocho
675 1904 830 1981 legitimo,
846 1905 898 1964 vel
912 1906 976 1966 alio
991 1905 1157 1966 sacerdote
1171 1905 1209 1962 de

242 1997 322 2070 eius,
340 1997 391 2054 vel
406 1997 564 2056 Ordinarii
588 1997 737 2071 licentia3
757 2017 827 2058 nam
849 1999 1087 2059 matrimonium
1110 2001 1205 2060 aliter

243 2092 437 2151 celebratum
472 2090 591 2166 nullam
624 2091 691 2150 vim
713 2093 868 2166 haberet,
900 2092 939 2151 ob
966 2093 1205 2152 celeberrimam

242 2183 423 2244 Tridentini
444 2185 569 2244 concilii
593 2187 693 2262 legem
706 2190 742 2247 de
755 2186 958 2246 clandestinis
974 2187 1207 2258 matrimoniis,

243 2278 275 2336 in
298 2278 386 2337 illius
414 2279 505 2355 regni
530 2279 687 2356 parochiis
708 2279 891 2357 iampridem
914 2282 1151 2360 promulgatam
1176 2285 1207 2341 et

244 2372 498 2441 constantissime
520 2373 730 2436 observatam.

304 2468 334 2527 2.
349 2467 499 2533 Quoniam
511 2467 652 2528 intrusus
663 2469 791 2528 minime
802 2471 852 2528 est
863 2470 1016 2547 parochus
1029 2470 1205 2546 legitimus,

245 2580 343 2638 neque
358 2560 457 2619 ullum
480 2561 575 2622 habet
589 2563 737 2636 titulum,
753 2576 805 2624 seu
821 2581 935 2622 verum·
948 2582 999 2622 seu
1016 2565 1203 2634 coloratum,

244 2653 479 2714 matrimonium
494 2673 599 2714 coram
614 2675 650 2714 eo
665 2659 860 2715 contractum
883 2657 1001 2716 nullius
1015 2661 1103 2717 certe
1117 2659 1207 2717 robo-

244 2748 290 2807 ris
302 2752 361 2807 est:
378 2766 439 2824 qua
451 2747 546 2808 etiam
558 2750 595 2806 de
607 2766 712 2822 causa,
725 2749 833 2809 fideles
844 2749 1002 2810 abstinere
1013 2751 1142 2823 debent,
1154 2769 1205 2820 ne,

245 2844 379 2919 parocho
404 2861 459 2901 suo
484 2842 627 2918 legitimo
648 2842 883 2919 praetermisso,
900 2844 1013 2902 adeant
1033 2843 1202 2904 intrusum.

305 2940 335 2998 3.
353 2939 493 2998 Caveant
521 2938 616 2996 etiam
646 2937 775 3012 fideles,
798 2939 851 3014 qui
879 2939 1079 2998 matrimonio
1109 2938 1204 2998 iuncti

245 3032 396 3092 fuerinta
410 3033 545 3109 parocho
560 3032 716 3110 legitimo,
741 3051 777 3092 ne
792 3033 915 3092 intruso
930 3051 961 3092 sa
975 3033 1104 3106 sistant,
1120 3036 1157 3092 ut
1169 3031 1205 3092 ab

246 3146 304 3197 ec,
326 3127 392 3185 ritu
414 3126 524 3202 quovis
546 3143 635 3186 sacro
651 3130 684 3186 et
699 3124 867 3203 religioso,
883 3143 992 3186 rursus
1008 3124 1203 3188 matrimonio

246 3221 496 3298 coniungantur,
513 3222 564 3280 vel
587 3223 626 3280 ab
646 3240 682 3280 eo
713 3224 825 3298 petant
846 3220 992 3292 veniam,
1015 3239 1077 3296 qua
1091 3219 1204 3297 possint

246 3317 284 3374 ab
305 3315 369 3374 alio
391 3317 550 3376 sacerdote
573 3314 765 3376 matrimonii
788 3318 983 3373 sacramento
998 3313 1158 3390 coniungi,
1172 3313 1201 3370 et

247 3427 335 3468 sacro
356 3408 423 3468 ritu
445 3409 597 3486 copulari.
620 3410 667 3469 Ne
689 3408 718 3466 id
741 3407 822 3466 anim
846 3407 922 3480 fiat,
946 3411 1058 3467 vetant
1085 3407 1204 3466 omnino

247 3503 387 3562 rationes
401 3503 464 3562 iam
478 3503 666 3580 explicatae,
682 3519 751 3561 cum
766 3504 804 3561 de
820 3500 973 3578 baptismo
986 3504 1145 3578 ageretur.
