2364 4198
223 279 346 342 Christi
365 283 473 358 yterio
492 283 616 342 maiore
636 282 829 341 vincatur...
845 279 1001 359 quonium
1020 280 1072 339 nbi
1083 283 1152 339 ueri·

221 384 273 434 tus
294 383 338 434 est
359 375 541 451 mouistra,
569 391 748 453 numquam
768 375 886 435 desunt
910 375 1026 434 diuino
1044 375 1150 446 solatio,

219 470 341 544 fratres
362 469 524 528 carissimi
537 465 596 548 (1).

280 562 381 637 Super
401 561 505 622 omnia
526 562 620 622 etiam
635 566 728 640 atqua
750 563 844 622 etiam
863 564 1152 622 commendamusso·

220 652 279 725 bis,
301 656 395 731 atqua
416 654 634 731 praecipimus,
650 659 687 716 ut
699 656 852 733 legitimis
865 655 983 716 vestris
1003 651 1166 746 pastoribut

222 764 344 824 semper
364 748 529 808 haerentes
549 752 759 822 consultans
780 748 845 809 ullo
866 751 957 809 modo
972 745 1166 809 communica-3

223 840 279 914 tis,
300 840 486 918 praesertim
508 839 540 898 iu
562 842 689 915 divinis,
709 862 780 904 oum
800 843 950 916 intrusis,
973 848 1007 903 et
1027 841 1153 902 retraeta-

223 935 292 1008 riis,
308 953 497 1012 quocumque
512 936 635 995 nomine
650 937 861 1014 appellentur,
877 955 932 996 neo
947 954 1010 994 non
1025 937 1058 994 at
1069 950 1153 994 causu-

223 1032 267 1089 tis
288 1048 306 1090 a
326 1030 466 1106 praefato
488 1030 632 1103 scelesto,
647 1035 681 1091 et
702 1031 840 1108 captioso
862 1047 972 1108 opere:
989 1028 1153 1090 Accorddu

222 1126 314 1183 urnis
329 1127 496 1201 principes
516 1133 589 1196 eto„
613 1143 632 1184 a
651 1125 860 1203 pastoralibus
881 1128 914 1184 et
934 1141 954 1182 a
975 1119 1152 1182 nunciaturiis

223 1217 377 1295 epistolis,
393 1223 427 1278 et
439 1219 477 1277 ab
489 1217 570 1278 aliis
592 1220 810 1296 cuiuscumque
832 1218 955 1296 generis
977 1215 1102 1294 scriptis
1118 1205 1168 1289 pu

223 1328 274 1371 eos
295 1311 458 1389 vulgatis,
481 1332 516 1374 ao
537 1314 671 1374 fortasse
692 1314 880 1391 vulgandis,
902 1314 939 1370 ut
959 1313 1035 1372 dum
1057 1307 1148 1366 oivilsn

223 1403 302 1464 oleri
323 1405 580 1466 constitutionem
603 1407 782 1478 defendunt,
798 1406 931 1466 schisma
945 1404 1050 1481 ipsum
1071 1399 1148 1461 confir·

223 1502 320 1559 ment.
337 1503 378 1560 Et
399 1500 654 1576 quemadmodum
666 1503 731 1562 Nos
746 1499 903 1578 prioribus
916 1500 1047 1559 Nostris
1061 1493 1151 1557 littoris

223 1591 460 1668 reprobavimus
481 1593 562 1665 iam,
578 1597 671 1670 atque
686 1592 902 1655 damnavimus
922 1592 1152 1652 constitutiones

223 1684 411 1758 huiusmodi,
427 1686 473 1746 ita
488 1686 576 1746 novis
596 1687 691 1746 etiam
713 1685 797 1744 bisce
817 1684 940 1744 litteris
961 1703 1042 1761 opus
1063 1679 1153 1761 praedi·

223 1781 322 1851 otum,
345 1779 518 1855 pastorales
540 1781 573 1838 et
593 1778 807 1840 nunciaturias
826 1777 992 1855 epistolas,
1010 1782 1044 1839 et
1063 1774 1171 1849 reliqua?

225 1871 329 1931 omnia
349 1871 468 1949 scripta
488 1872 644 1949 supremi,
660 1889 720 1949 quo
740 1871 913 1949 fungimur,
929 1864 1154 1948 apostolatnsoi·

224 1965 296 2025 fioio
318 1965 533 2042 reprobamus,
548 1966 707 2025 reiioimus
721 1970 815 2042 atque
829 1965 1024 2025 damnamus.

283 2061 343 2118 Det
364 2060 444 2118 Deus
466 2059 497 2118 iu
513 2059 715 2118 multitudine
729 2058 964 2118 miserationum
980 2053 1153 2118 suarumNu

224 2151 299 2212 stris
320 2152 531 2230 pastoralibus
559 2153 642 2212 euris
670 2152 918 2224 incrementum,
942 2155 978 2211 ut
1001 2152 1056 2229 qui
1077 2147 1151 2209 fideles

224 2248 310 2305 stant
331 2245 415 2305 inter
430 2247 509 2319 Vos,
524 2246 769 2319 confirmentur,
785 2250 818 2305 et
831 2245 885 2321 qui
904 2243 985 2321 lapsi
1009 2247 1093 2316 sunt,
1111 2239 1148 2300 eri·

224 2341 350 2416 gantur.
375 2339 426 2398 Sia
453 2343 549 2400 Deum
577 2358 742 2418 rogamus,
765 2342 799 2398 et
823 2339 1042 2411 obsecramus,
1067 2339 1098 2396 et
1116 2333 1145 2412 tl·

224 2434 340 2495 ctimus
360 2431 416 2510 (ut
434 2432 570 2510 apostoli
591 2433 683 2494 Pauli
705 2432 748 2492 ud
767 2432 921 2509 Ephesios
948 2430 1112 2490 scribentis
1126 2423 1148 2503 ill

224 2514 329 2586 verbis
351 2526 490 2606 utamur)
511 2543 619 2604 penna
637 2526 756 2586 Nostra
777 2526 820 2586 ud
839 2525 1031 2602 PatremD.
1048 2520 1086 2583 Ν.
1100 2513 1151 2580 ll·

225 2665 336 2682 .....
357 2629 395 2679 ut
415 2621 469 2680 det
488 2623 576 2680 vobis
596 2621 771 2682 secuudum
794 2620 932 2678 diuitias
961 2620 1087 2695 ylarius
1103 2625 1154 2673 suot

222 2718 345 2775 virtute
366 2717 566 2774 corroborari
582 2732 642 2792 per
661 2713 824 2792 Spiritum
844 2715 913 2772 eius
934 2713 973 2770 in
994 2711 1155 2771 interiores

223 2808 403 2880 bominem,
428 2806 591 2868 Christum
612 2808 762 2867 babitare
779 2823 839 2883 per
858 2805 957 2884 fidem
978 2807 1017 2863 ir
1032 2800 1155 2865 sorditas

221 2903 348 2973 uestris,
364 2903 402 2960 irs
416 2901 578 2961 charitate
591 2900 746 2972 radicati,
763 2907 793 2960 et
807 2899 964 2977 funduti;
977 2901 1011 2957 et
1024 2896 1058 2954 iu
1073 2896 1156 2954 horon

222 2993 405 3053 caelestium
434 2995 586 3053 donorum
614 2993 752 3071 pignus,
774 2991 883 3066 vobis,
905 2990 1015 3050 dilecti
1037 2987 1094 3048 filii
1113 2984 1157 3044 us

223 3087 305 3162 stri,
333 3106 403 3149 ven.
426 3088 563 3159 fratres,
587 3104 622 3146 ao
651 3085 759 3146 dilecti
788 3085 871 3158 filii,
894 3083 1096 3160 apostolicam
1119 3076 1158 3135 bs·

283 3340 318 3393 (1)
334 3339 359 3384 S.
371 3341 422 3385 Leo
432 3338 461 3384 in
471 3337 552 3397 Epist.
565 3336 598 3385 ad
609 3336 746 3384 Martinam
765 3335 953 3396 Presbyterum,
973 3332 1037 3394 apud
1054 3329 1156 3380 babber!

222 3425 291 3462 num.
303 3414 342 3461 74.
353 3416 414 3460 tom.
426 3415 472 3462 VI.
483 3413 532 3460 ool.
543 3415 582 3462 97.
592 3413 644 3460 litt.
655 3415 684 3459 B.

284 3491 320 3546 (t)
338 3490 399 3549 cap.
410 3491 459 3536 111.
471 3502 497 3537 v.
509 3489 546 3537 14.
558 3489 584 3536 ab
594 3490 632 3538 lb.
