2498 4200
438 209 618 268 ..233-

494 351 559 409 m.

435 461 633 532 ACTA

330 631 365 674 m
384 633 580 676 conelsuonlo
602 633 739 676 SECRETO

89 729 91 734 ’
190 725 507 830 nsnnomssnno
527 769 686 830 nomino
707 768 877 830 nosuno.

308 929 418 1010 ΡΙΟ
463 931 643 1009 ΡΑΡΑ
687 931 755 1008 VI.

242 1097 363 1159 uasta
383 1101 436 1160 are
456 1099 500 1158 26
520 1099 712 1176 septembris
734 1095 816 1157 1⁷91

227 1251 263 1298 m
279 1252 424 1300 ramulo
440 1253 646 1302 Al’osuomco
664 1253 839 1309 Quintum

65 1381 155 1460 Super
175 1384 370 1444 admissione
398 1386 615 1447 abdicationis
637 1383 873 1446 cardinalatus
894 1401 916 1442 a
936 1385 1009 1443 Ste-

111 1477 213 1554 phano
234 1479 346 1538 Garolo
368 1480 406 1538 de
427 1481 579 1552 Bnienne‚
595 1489 625 1540 ct
642 1497 737 1556 saper
750 1481 914 1538 creatione
934 1478 1013 1537 noui

112 1568 300 1631 Cardinalis
320 1575 358 1630 in
379 1575 448 1632 eins
470 1576 584 1633 locum.

329 1741 556 1800 venerabiles
576 1740 728 1798 Fratres.

112 1907 218 1981 Vobis,
233 1909 284 1987 qni
301 1909 333 1968 in
348 1912 484 1972 Nostrae
499 1909 689 1987 apostolicae
705 1907 926 1968 sollicitudinis
939 1928 1013 1986 par-

66 2002 116 2061 tem
137 2006 242 2066 vocati
264 2005 354 2078 estis,
377 2007 445 2065 VV.
469 2007 547 2079 FF„
569 2006 661 2081 plane
683 2005 879 2081 perspectum
901 2004 1012 2080 explo-

67 2099 218 2174 ratumque
231 2103 292 2171 est,
307 2117 366 2175 qua
377 2100 441 2160 Nos
453 2097 701 2168 mansuetudine,
717 2115 778 2173 qua
792 2096 949 2158 charitate
965 2097 1014 2157 usi

69 2205 121 2248 cum
143 2190 183 2250 iis
204 2191 313 2265 simus,
328 2193 381 2268 qni
402 2193 528 2253 civilem
550 2192 698 2269 gallicani
714 2191 792 2251 oleri
806 2192 1014 2252 Constitutio-

68 2299 125 2342 nem
148 2287 204 2345 aut
233 2285 368 2362 primum
397 2286 714 2364 excogitarunt‚aut
741 2286 884 2362 deinceps
914 2289 1014 2348 secuti

64 2381 138 2451 sunt,
154 2379 241 2439 inter
255 2398 342 2456 quos,
357 2399 415 2440 non
428 2381 495 2439 sine
509 2382 657 2440 immenso
672 2379 766 2439 animi
782 2382 880 2440 nostri
893 2381 1011 2454 dolore,

65 2478 234 2534 recensetur
255 2475 390 2535 dilectus
418 2475 503 2534 filins
525 2480 650 2546 noster,
671 2473 856 2550 Stephanus
879 2473 1012 2535 Carolus

65 2561 244 2629 cardinalis
255 2569 293 2628 de
304 2568 455 2628 bonimio
467 2569 506 2628 de
520 2569 675 2627 Briennc.
690 2570 734 2627 De
748 2568 815 2644 ipso
831 2568 931 2628 multa
945 2570 1014 2644 qui-

66 2658 124 2717 dem
145 2660 231 2738 dieta
251 2679 318 2720 esee
340 2666 374 2722 et
391 2663 454 2722 Nos
475 2661 689 2732 recordamur,
704 2665 739 2719 et
754 2661 815 2718 Vos
838 2661 1013 2722 meminisse

64 2753 197 2826 potestis,
214 2759 278 2814 tam
301 2773 370 2814 cum
393 2771 563 2830 prospera,
585 2772 676 2830 quam
698 2770 767 2812 oum
797 2755 929 2814 adversa
949 2754 1014 2812 for-

64 2849 133 2907 tuna
153 2852 310 2908 uteretur.
327 2847 588 2911 christianissimi
610 2847 696 2924 regis
718 2847 824 2925 gratia
846 2845 1013 2923 praesidio·

63 2957 114 3015 que
135 2941 228 3001 nixus
248 2941 340 3001 facile
355 2944 560 3002 conscendere
575 2939 691 3018 potuit,
708 2941 860 3018 erebique
881 2943 916 3000 ad
940 2941 1016 3000 sub-

63 3031 196 3095 limiores
217 3035 376 3096 Ecclesiae
396 3036 579 3113 dignitates.
602 3037 667 3115 Per
686 3034 789 3113 regias
812 3035 894 3094 enim
917 3033 1015 3093 nomi·

64 3128 198 3188 nationes
219 3129 354 3205 primum
377 3129 546 3190 Ecclesiam
568 3129 821 3191 Condomiensem
837 3128 868 3187 in
881 3127 1015 3204 Aquita·

65 3219 110 3281 nia
140 3221 279 3283 obtinuit
306 3223 363 3302 (1),
386 3223 662 3300 metropolitanam
695 3223 805 3282 deiude
827 3222 959 3281 'l'olosae
980 3221 1012 3279 in

65 3315 222 3378 Occitania
242 3318 287 3396 (2)
309 3322 493 3378 consecutus
515 3320 580 3376 est:
604 3333 639 3374 ac
659 3321 818 3393 postremo
840 3315 1017 3378 translatus

118 3452 152 3504 (1)
169 3451 235 3496 Aeta
250 3448 400 3498 consistorii
415 3447 466 3495 diei
482 3447 512 3494 15
527 3445 672 3492 Decembris
690 3447 760 3494 170⁰.

117 3531 153 3586 (t)
170 3530 236 3575 Asta
252 3525 403 3576 consutum
418 3525 468 3572 diei
484 3525 513 3571 81
528 3520 614 3570 Martii
631 3523 700 3570 ttae.
