2364 4198
602 215 640 228 -
660 185 721 246 208
743 217 780 230 -
962 217 971 254 s

205 295 317 374 quibus
338 311 459 354 summa
478 297 548 365 est,
571 292 624 351 vel
647 309 703 368 per
728 291 842 351 exsilia
863 291 1029 368 dispersis,
1053 290 1086 351 in
1109 265 1177 352 flue?

205 387 351 465 omnique
373 387 495 445 virtute
516 385 707 445 constantia.
723 385 803 451 Quid
819 383 881 444 iam
898 386 1035 444 dicemus
1056 386 1095 444 de
1115 384 1177 444 im·

205 497 312 540 menso
327 480 479 538 bonorum
495 477 636 537 virorum
654 495 795 550 numero,
810 479 847 538 de
862 477 997 555 profuga
1011 480 1176 556 praeclara

205 574 264 634 illa
283 572 449 633 nobilitate
471 571 503 630 in
526 573 570 630 Te
592 572 790 649 respiciente,
807 591 863 648 pro
878 575 984 650 Teque
998 573 1106 650 capita
1118 591 1167 631 sna

206 667 396 727 devovente?
408 670 526 726 Horum
541 667 678 725 omnium
694 668 738 726 Te
753 666 785 724 in
801 667 985 727 libertatem
1004 663 1176 740 vindicato,

206 764 311 838 Teque
337 778 393 819 suo
419 763 546 836 recepto
573 776 648 836 rege
676 760 879 819 cumulantur
900 761 931 818 in
954 762 1019 822 Nos
1048 760 1167 838 gaudius

206 871 313 913 eorum
335 855 371 912 de
394 854 438 912 Te
452 856 539 925 vota,
554 869 685 929 spesque
706 852 843 913 maxima
856 852 889 911 in
902 854 968 913 Nos
984 871 1069 913 nuuc
1092 854 1137 930 ips

205 949 393 1009 redundant.
410 949 518 1023 Itaque
534 964 593 1004 non
609 946 768 1022 potuimus
783 948 841 1005 hoc
857 951 999 1023 tempore
1020 947 1136 1024 plurim

205 1040 460 1116 immortalesque
482 1056 540 1098 non
558 1057 651 1115 agere
663 1041 727 1099 Deo
741 1040 868 1117 Optimo
883 1041 1023 1122 Maximo
1040 1041 1166 1118 gratias,

204 1137 291 1197 cuius
319 1135 551 1195 misericordiae
578 1139 707 1212 accepta
730 1136 851 1195 referre
872 1137 949 1195 haec
971 1151 1161 1195 successuum

204 1230 299 1290 initia
321 1231 476 1301 debemus,
494 1246 592 1304 neque
612 1247 673 1303 non
690 1247 760 1288 cum
775 1229 942 1290 Maiestate
958 1231 1027 1289 Tua
1044 1231 1151 1292 Nostro

205 1323 302 1384 animi
335 1321 564 1380 communicare
594 1339 702 1380 sensus
730 1340 786 1398 per
813 1323 904 1382 hasce
934 1324 1048 1401 plenas
1079 1322 1155 1383 laeti·

206 1419 282 1489 tiae,
305 1417 414 1489 studii,
438 1414 724 1493 gratulationisque
745 1416 873 1476 litteras
895 1416 932 1476 ad
956 1419 1002 1475 Te
1023 1416 1157 1494 ipsum,a
1179 1397 1180 1427 ¹

204 1529 276 1571 ven.
290 1511 405 1570 Fratre
419 1507 658 1570 Bartholomaeo
670 1509 911 1587 Archiepiscopo
922 1511 1107 1584 Damiutae,
1118 1512 1161 1572 lio

205 1610 272 1666 stro
293 1610 326 1665 et
347 1604 534 1681 apostolicae
556 1603 645 1664 Sedis
666 1605 704 1663 ad
726 1608 864 1664 tractum
885 1605 989 1664 Rheni
1004 1603 1163 1665 Ordinario

204 1700 325 1762 Nuncio
337 1700 549 1776 perferendae.
564 1702 644 1759 Dum
658 1717 710 1758 eas
725 1699 790 1775 ipse
800 1698 872 1758 Tibi
884 1701 1008 1771 reddet,
1025 1703 1063 1759 et
1073 1715 1162 1759 coram

204 1793 384 1871 impositum
400 1813 418 1852 a
431 1793 528 1854 Nobis
543 1811 655 1852 munus
667 1793 818 1869 explebit,
829 1792 921 1853 valde
934 1808 953 1851 a
964 1793 1011 1851 Te
1024 1793 1163 1870 petimus,

206 1892 242 1948 ut
263 1887 364 1964 ipsum
393 1886 484 1962 regia
509 1885 705 1945 humanitate
733 1883 893 1960 excipias,
924 1886 1119 1962 eandemque
1140 1885 1162 1942 in

206 1982 347 2041 omnibus
369 1983 509 2057 praestes
525 1980 629 2052 fidem,
646 1996 736 2055 quam
750 1978 847 2039 Nobis
862 1978 937 2054 ipsis
954 1980 1000 2038 Te
1014 1980 1165 2056 alloquen-

205 2076 300 2135 tibus
311 2075 524 2153 praestiturus
544 2091 639 2134 esses.
657 2075 738 2140 Quas
751 2076 817 2134 Nos
834 2075 950 2132 Tecum
972 2076 1087 2149 partes
1108 2089 1164 2150 per-

205 2169 339 2246 agimus,
355 2168 549 2257 easdemque,
570 2171 692 2226 etcum
714 2166 877 2226 carissima
898 2167 931 2226 in
953 2168 1092 2228 Christo
1111 2166 1163 2228 filia

204 2264 321 2322 Nostra
348 2262 451 2322 Maria
475 2261 615 2322 Antonia
642 2259 753 2338 regina
781 2261 912 2337 coniuge
938 2263 1028 2333 Tua,
1052 2266 1090 2321 et
1110 2277 1160 2320 cun

205 2354 409 2413 dilectissimo
430 2354 462 2412 in
484 2353 611 2414 Ghristo
633 2353 699 2413 filio
721 2355 839 2413 Nostro
859 2354 1024 2414 Ludovieo
1039 2354 1156 2420 Delfino,

205 2451 370 2524 ceteraque
385 2448 474 2524 regia
489 2447 611 2508 familia
625 2447 834 2506 luculentiore
848 2465 909 2524 quo
924 2465 1095 2524 possumus
1113 2445 1161 2506 ani·
1180 2469 1181 2472 ¹

204 2559 254 2601 mo
282 2541 474 2600 exhibemus.
504 2542 585 2607 Quas
611 2557 692 2600 nnnc
720 2559 850 2617 preces,
878 2541 1162 2616 obsecrationesque

203 2636 337 2695 Nostras
359 2634 396 2693 ad
419 2633 663 2709 omnipotentem
683 2636 780 2693 Deum
803 2651 859 2710 pro
879 2634 936 2705 Te,
954 2633 1121 2692 carissime
1138 2631 1162 2687 in

136 2801 137 2806 γ
204 2726 331 2788 Christo
353 2726 417 2786 Fili
438 2728 567 2799 Noster,
583 2744 662 2803 quae
683 2731 770 2798 vota,
785 2744 862 2803 quas
878 2725 1028 2786 lacrimas
1045 2745 1109 2785 non
1128 2722 1164 2783 ei·

204 2820 373 2880 fundimus!
391 2819 595 2895 Imploramus
608 2820 679 2879 Tibi
702 2824 892 2896 promptum,
908 2819 1093 2895 pacificum,
1109 2819 1164 2896 glo-

205 2913 383 2990 riosumque
405 2913 437 2970 in
459 2930 590 2989 regnum
606 2913 755 2986 reditum,
772 2916 929 2990 receptam
951 2931 970 2972 a
991 2913 1037 2972 Te
1060 2910 1164 2989 pristi-

205 3025 275 3066 nam
298 3007 487 3084 potestatem
510 3008 621 3077 Tuam,
641 3007 787 3066 reductas
808 3006 904 3083 lagae,
921 3005 1053 3082 iuraque
1070 3004 1165 3065 omnia

204 3103 368 3163 restituta.
392 3103 436 3161 Te
457 3101 534 3160 illuc
556 3100 670 3178 religio
694 3102 849 3172 deducat,
879 3117 947 3159 cum
977 3100 1163 3177 amplissimo

204 3196 384 3272 praesulum
406 3194 438 3253 in
461 3212 531 3254 suas
553 3195 639 3254 sedes
660 3193 857 3253 redeuntium
872 3193 1036 3253 comitatu:
1055 3195 1164 3252 Tecum

204 3289 262 3348 illa
283 3292 395 3366 regnet
416 3289 447 3347 in
471 3289 611 3366 populos,
634 3306 763 3366 quorum
792 3287 854 3347 iam
883 3287 1115 3348 contumaciam
1134 3284 1172 3344 li·.

205 3384 399 3460 centiamque
415 3382 561 3460 fregerit,
577 3383 780 3458 volentesque
800 3383 919 3442 animos
940 3384 979 3441 ad
1001 3399 1119 3454 mores,
1132 3377 1163 3438 ad

205 3476 375 3554 pietatem,
398 3478 436 3537 ad
459 3477 558 3537 officia
585 3477 756 3539 revocarit.
778 3478 861 3536 Haec
881 3479 956 3537 sunt
980 3476 1110 3536 assidua
1131 3471 1162 3533 cd
