<?xml version="1.0" encoding="UTF-8"?>
<!DOCTYPE html PUBLIC "-//W3C//DTD XHTML 1.0 Transitional//EN"
    "http://www.w3.org/TR/xhtml1/DTD/xhtml1-transitional.dtd">
<html xmlns="http://www.w3.org/1999/xhtml" xml:lang="en" lang="en">
 <head>
  <title>
</title>
<meta http-equiv="Content-Type" content="text/html;charset=utf-8" />
  <meta name='ocr-system' content='tesseract 3.04.00' />
  <meta name='ocr-capabilities' content='ocr_page ocr_carea ocr_par ocr_line ocrx_word'/>
</head>
<body>
  <div class='ocr_page' id='page_1' title='image "./piivipontmaxact00piusgoog_0145.png"; bbox 0 0 2386 4194; ppageno 0'>
   <div class='ocr_carea' id='block_1_1' title="bbox 622 201 1171 308">
    <p class='ocr_par' dir='ltr' id='par_1_1' title="bbox 622 201 1171 308">
     <span class='ocr_line' id='line_1_1' title="bbox 622 201 1171 308; baseline -0.015 -46"><span class='ocrx_word' id='word_1_1' title='bbox 622 201 801 261; x_wconf 85' lang='lat'>-128-</span> <span class='ocrx_word' id='word_1_2' title='bbox 1170 256 1171 308; x_wconf 30' lang='grc'>1</span> 
     </span>
    </p>
   </div>
   <div class='ocr_carea' id='block_1_2' title="bbox 230 305 1171 478">
    <p class='ocr_par' dir='ltr' id='par_1_2' title="bbox 230 305 1171 478">
     <span class='ocr_line' id='line_1_2' title="bbox 231 305 1171 384; baseline -0.006 -17"><span class='ocrx_word' id='word_1_3' title='bbox 231 325 289 368; x_wconf 91' lang='lat' dir='ltr'>nus</span> <span class='ocrx_word' id='word_1_4' title='bbox 310 308 438 384; x_wconf 89' lang='lat' dir='ltr'>quisque</span> <span class='ocrx_word' id='word_1_5' title='bbox 458 307 660 380; x_wconf 77' lang='lat' dir='ltr'>catholicus,</span> <span class='ocrx_word' id='word_1_6' title='bbox 682 326 718 368; x_wconf 87' lang='lat' dir='ltr'>ec</span> <span class='ocrx_word' id='word_1_7' title='bbox 739 307 807 368; x_wconf 88' lang='lat' dir='ltr'>sani</span> <span class='ocrx_word' id='word_1_8' title='bbox 837 325 943 368; x_wconf 91' lang='lat' dir='ltr'>omnes</span> <span class='ocrx_word' id='word_1_9' title='bbox 966 305 1083 384; x_wconf 78' lang='lat' dir='ltr'>politici</span> <span class='ocrx_word' id='word_1_10' title='bbox 1100 305 1171 380; x_wconf 62' lang='lat' dir='ltr'>apud}</span> 
     </span>
     <span class='ocr_line' id='line_1_3' title="bbox 230 390 1171 478; baseline -0.006 -16"><span class='ocrx_word' id='word_1_11' title='bbox 230 403 293 462; x_wconf 90' lang='lat' dir='ltr'>Vos</span> <span class='ocrx_word' id='word_1_12' title='bbox 315 403 474 460; x_wconf 88' lang='lat' dir='ltr'>inductam</span> <span class='ocrx_word' id='word_1_13' title='bbox 493 405 680 478; x_wconf 83' lang='lat' dir='ltr'>agnoscunt,</span> <span class='ocrx_word' id='word_1_14' title='bbox 696 417 732 460; x_wconf 86' lang='lat' dir='ltr'>ac</span> <span class='ocrx_word' id='word_1_15' title='bbox 747 401 900 461; x_wconf 81' lang='lat' dir='ltr'>fatentur.</span> <span class='ocrx_word' id='word_1_16' title='bbox 917 401 1049 462; x_wconf 77' lang='lat' dir='ltr'><strong>Necesse</strong></span> <span class='ocrx_word' id='word_1_17' title='bbox 1067 403 1109 458; x_wconf 89' lang='lat' dir='ltr'>est</span> <span class='ocrx_word' id='word_1_18' title='bbox 1120 390 1171 474; x_wconf 76' lang='lat' dir='ltr'>igi-l</span> 
     </span>
    </p>
   </div>
   <div class='ocr_carea' id='block_1_3' title="bbox 225 494 1178 3462">
    <p class='ocr_par' dir='ltr' id='par_1_3' title="bbox 231 494 1162 567">
     <span class='ocr_line' id='line_1_4' title="bbox 231 494 1162 567; baseline -0.008 -12"><span class='ocrx_word' id='word_1_19' title='bbox 231 499 296 567; x_wconf 90' lang='lat' dir='ltr'>tur,</span> <span class='ocrx_word' id='word_1_20' title='bbox 314 500 350 554; x_wconf 89' lang='lat' dir='ltr'>ut</span> <span class='ocrx_word' id='word_1_21' title='bbox 364 495 513 554; x_wconf 79' lang='lat' dir='ltr'>Maiestas</span> <span class='ocrx_word' id='word_1_22' title='bbox 528 495 597 556; x_wconf 84' lang='lat' dir='ltr'>Tua</span> <span class='ocrx_word' id='word_1_23' title='bbox 611 495 688 554; x_wconf 92' lang='lat' dir='ltr'>haec</span> <span class='ocrx_word' id='word_1_24' title='bbox 707 494 794 554; x_wconf 83' lang='lat' dir='ltr'>intre</span> <span class='ocrx_word' id='word_1_25' title='bbox 808 513 841 553; x_wconf 91' lang='lat' dir='ltr'>se</span> <span class='ocrx_word' id='word_1_26' title='bbox 856 495 892 553; x_wconf 93' lang='lat' dir='ltr'>ad</span> <span class='ocrx_word' id='word_1_27' title='bbox 910 511 1019 554; x_wconf 86' lang='lat' dir='ltr'>veram</span> <span class='ocrx_word' id='word_1_28' title='bbox 1033 510 1098 552; x_wconf 88' lang='lat' dir='ltr'>suae</span> <span class='ocrx_word' id='word_1_29' title='bbox 1109 510 1162 549; x_wconf 91' lang='lat' dir='ltr'>con·</span> 
     </span>
    </p>

    <p class='ocr_par' dir='ltr' id='par_1_4' title="bbox 230 517 1172 758">
     <span class='ocr_line' id='line_1_5' title="bbox 230 584 1163 665; baseline 0 -17"><span class='ocrx_word' id='word_1_30' title='bbox 230 587 380 648; x_wconf 76' lang='lat' dir='ltr'>scientiae</span> <span class='ocrx_word' id='word_1_31' title='bbox 402 604 541 648; x_wconf 87' lang='lat' dir='ltr'>normam</span> <span class='ocrx_word' id='word_1_32' title='bbox 562 588 683 665; x_wconf 84' lang='lat' dir='ltr'>exigat,</span> <span class='ocrx_word' id='word_1_33' title='bbox 699 593 793 664; x_wconf 85' lang='lat' dir='ltr'>etque</span> <span class='ocrx_word' id='word_1_34' title='bbox 813 587 1012 658; x_wconf 79' lang='lat' dir='ltr'>consideret,</span> <span class='ocrx_word' id='word_1_35' title='bbox 1028 590 1060 645; x_wconf 91' lang='lat' dir='ltr'>et</span> <span class='ocrx_word' id='word_1_36' title='bbox 1078 603 1111 644; x_wconf 89' lang='lat' dir='ltr'>ex</span> <span class='ocrx_word' id='word_1_37' title='bbox 1128 584 1163 642; x_wconf 80' lang='lat' dir='ltr'>be</span> 
     </span>
     <span class='ocr_line' id='line_1_6' title="bbox 230 678 1163 758; baseline -0.002 -18"><span class='ocrx_word' id='word_1_38' title='bbox 230 699 341 741; x_wconf 88' lang='lat' dir='ltr'>norum</span> <span class='ocrx_word' id='word_1_39' title='bbox 362 699 397 742; x_wconf 88' lang='lat' dir='ltr'>ae</span> <span class='ocrx_word' id='word_1_40' title='bbox 412 681 588 758; x_wconf 89' lang='lat' dir='ltr'>sapientum</span> <span class='ocrx_word' id='word_1_41' title='bbox 608 681 800 744; x_wconf 77' lang='lat' dir='ltr'>Antistitum</span> <span class='ocrx_word' id='word_1_42' title='bbox 816 680 946 739; x_wconf 86' lang='lat' dir='ltr'>consilio</span> <span class='ocrx_word' id='word_1_43' title='bbox 965 678 1122 756; x_wconf 88' lang='lat' dir='ltr'>prospiciat</span> <span class='ocrx_word' id='word_1_44' title='bbox 1133 695 1163 738; x_wconf 88' lang='lat' dir='ltr'>ss·</span> 
     </span>
    </p>

    <p class='ocr_par' dir='ltr' id='par_1_5' title="bbox 230 774 1163 851">
     <span class='ocr_line' id='line_1_7' title="bbox 230 774 1163 851; baseline -0.005 -16"><span class='ocrx_word' id='word_1_45' title='bbox 230 775 293 836; x_wconf 89' lang='lat' dir='ltr'>luti</span> <span class='ocrx_word' id='word_1_46' title='bbox 314 792 403 846; x_wconf 86' lang='lat' dir='ltr'>suae,</span> <span class='ocrx_word' id='word_1_47' title='bbox 418 775 564 851; x_wconf 89' lang='lat' dir='ltr'>omnique</span> <span class='ocrx_word' id='word_1_48' title='bbox 591 778 705 834; x_wconf 89' lang='lat' dir='ltr'>conatu</span> <span class='ocrx_word' id='word_1_49' title='bbox 727 774 848 834; x_wconf 86' lang='lat' dir='ltr'>efficere</span> <span class='ocrx_word' id='word_1_50' title='bbox 870 775 1058 846; x_wconf 88' lang='lat' dir='ltr'>contendat,</span> <span class='ocrx_word' id='word_1_51' title='bbox 1079 775 1110 832; x_wconf 89' lang='lat' dir='ltr'>ut</span> <span class='ocrx_word' id='word_1_52' title='bbox 1126 789 1163 847; x_wconf 87' lang='lat' dir='ltr'>pa-</span> 
     </span>
    </p>

    <p class='ocr_par' dir='ltr' id='par_1_6' title="bbox 230 866 1163 1038">
     <span class='ocr_line' id='line_1_8' title="bbox 230 866 1163 946; baseline -0.01 -18"><span class='ocrx_word' id='word_1_53' title='bbox 230 868 402 928; x_wconf 89' lang='lat' dir='ltr'>trocinium</span> <span class='ocrx_word' id='word_1_54' title='bbox 431 867 595 946; x_wconf 89' lang='lat' dir='ltr'>Episcopis</span> <span class='ocrx_word' id='word_1_55' title='bbox 623 869 728 928; x_wconf 85' lang='lat' dir='ltr'>deesse</span> <span class='ocrx_word' id='word_1_56' title='bbox 756 886 816 926; x_wconf 91' lang='lat' dir='ltr'>non</span> <span class='ocrx_word' id='word_1_57' title='bbox 842 866 962 944; x_wconf 88' lang='lat' dir='ltr'>possit,</span> <span class='ocrx_word' id='word_1_58' title='bbox 986 871 1080 943; x_wconf 92' lang='lat' dir='ltr'>utque</span> <span class='ocrx_word' id='word_1_59' title='bbox 1099 880 1163 924; x_wconf 86' lang='lat' dir='ltr'>omns</span> 
     </span>
     <span class='ocr_line' id='line_1_9' title="bbox 230 961 1161 1038; baseline -0.008 -16"><span class='ocrx_word' id='word_1_60' title='bbox 230 961 432 1022; x_wconf 83' lang='lat' dir='ltr'>Sacerdotale</span> <span class='ocrx_word' id='word_1_61' title='bbox 446 962 566 1038; x_wconf 83' lang='lat' dir='ltr'>Corpus</span> <span class='ocrx_word' id='word_1_62' title='bbox 582 980 643 1020; x_wconf 90' lang='lat' dir='ltr'>non</span> <span class='ocrx_word' id='word_1_63' title='bbox 658 961 864 1038; x_wconf 86' lang='lat' dir='ltr'>prohibeatur</span> <span class='ocrx_word' id='word_1_64' title='bbox 875 961 906 1019; x_wconf 89' lang='lat' dir='ltr'>in</span> <span class='ocrx_word' id='word_1_65' title='bbox 920 977 1047 1020; x_wconf 91' lang='lat' dir='ltr'>suorum</span> <span class='ocrx_word' id='word_1_66' title='bbox 1061 961 1161 1018; x_wconf 83' lang='lat' dir='ltr'>Patron</span> 
     </span>
    </p>

    <p class='ocr_par' dir='ltr' id='par_1_7' title="bbox 229 1042 1174 1226">
     <span class='ocr_line' id='line_1_10' title="bbox 230 1051 1161 1131; baseline -0.01 -16"><span class='ocrx_word' id='word_1_67' title='bbox 230 1053 395 1131; x_wconf 85' lang='lat' dir='ltr'>Religione</span> <span class='ocrx_word' id='word_1_68' title='bbox 409 1054 594 1114; x_wconf 81' lang='lat' dir='ltr'>consistere.</span> <span class='ocrx_word' id='word_1_69' title='bbox 610 1058 659 1116; x_wconf 89' lang='lat' dir='ltr'>Ex</span> <span class='ocrx_word' id='word_1_70' title='bbox 675 1056 794 1116; x_wconf 87' lang='lat' dir='ltr'>Nostra</span> <span class='ocrx_word' id='word_1_71' title='bbox 808 1056 846 1113; x_wconf 90' lang='lat' dir='ltr'>ad</span> <span class='ocrx_word' id='word_1_72' title='bbox 868 1054 1038 1131; x_wconf 89' lang='lat' dir='ltr'>Episcopos</span> <span class='ocrx_word' id='word_1_73' title='bbox 1051 1051 1161 1130; x_wconf 74' lang='lat' dir='ltr'>Epistola</span> 
     </span>
     <span class='ocr_line' id='line_1_11' title="bbox 229 1146 1160 1226; baseline -0.002 -20"><span class='ocrx_word' id='word_1_74' title='bbox 229 1148 322 1207; x_wconf 84' lang='lat' dir='ltr'>facile</span> <span class='ocrx_word' id='word_1_75' title='bbox 343 1165 508 1225; x_wconf 86' lang='lat' dir='ltr'>cognosces</span> <span class='ocrx_word' id='word_1_76' title='bbox 528 1149 612 1226; x_wconf 91' lang='lat' dir='ltr'>ipse,</span> <span class='ocrx_word' id='word_1_77' title='bbox 627 1151 692 1212; x_wconf 91' lang='lat' dir='ltr'>Nos</span> <span class='ocrx_word' id='word_1_78' title='bbox 720 1149 752 1207; x_wconf 89' lang='lat' dir='ltr'>iu</span> <span class='ocrx_word' id='word_1_79' title='bbox 774 1148 839 1207; x_wconf 88' lang='lat' dir='ltr'>ista</span> <span class='ocrx_word' id='word_1_80' title='bbox 860 1151 924 1207; x_wconf 87' lang='lat' dir='ltr'>tam</span> <span class='ocrx_word' id='word_1_81' title='bbox 946 1146 1092 1207; x_wconf 82' lang='lat' dir='ltr'>horribili</span> <span class='ocrx_word' id='word_1_82' title='bbox 1110 1149 1160 1204; x_wconf 77' lang='lat' dir='ltr'>on</span> 
     </span>
    </p>

    <p class='ocr_par' dir='ltr' id='par_1_8' title="bbox 229 1239 1159 1318">
     <span class='ocr_line' id='line_1_12' title="bbox 229 1239 1159 1318; baseline -0.004 -18"><span class='ocrx_word' id='word_1_83' title='bbox 229 1245 363 1316; x_wconf 89' lang='lat' dir='ltr'>pestate,</span> <span class='ocrx_word' id='word_1_84' title='bbox 379 1259 448 1300; x_wconf 91' lang='lat' dir='ltr'>cum</span> <span class='ocrx_word' id='word_1_85' title='bbox 464 1241 529 1300; x_wconf 80' lang='lat' dir='ltr'>vim</span> <span class='ocrx_word' id='word_1_86' title='bbox 545 1242 713 1318; x_wconf 87' lang='lat' dir='ltr'>potestatis</span> <span class='ocrx_word' id='word_1_87' title='bbox 733 1243 869 1303; x_wconf 79' lang='lat' dir='ltr'>Nostrae</span> <span class='ocrx_word' id='word_1_88' title='bbox 884 1245 999 1302; x_wconf 82' lang='lat' dir='ltr'>contra</span> <span class='ocrx_word' id='word_1_89' title='bbox 1013 1239 1159 1301; x_wconf 81' lang='lat' dir='ltr'>manifeste</span> 
     </span>
    </p>

    <p class='ocr_par' dir='ltr' id='par_1_9' title="bbox 228 1302 1175 1507">
     <span class='ocr_line' id='line_1_13' title="bbox 228 1335 1156 1413; baseline -0.006 -19"><span class='ocrx_word' id='word_1_90' title='bbox 228 1335 428 1394; x_wconf 83' lang='lat' dir='ltr'>Novatorum</span> <span class='ocrx_word' id='word_1_91' title='bbox 440 1352 565 1394; x_wconf 90' lang='lat' dir='ltr'>errores</span> <span class='ocrx_word' id='word_1_92' title='bbox 577 1353 724 1395; x_wconf 86' lang='lat' dir='ltr'>exercere</span> <span class='ocrx_word' id='word_1_93' title='bbox 736 1336 901 1413; x_wconf 91' lang='lat' dir='ltr'>possimus,</span> <span class='ocrx_word' id='word_1_94' title='bbox 910 1335 1073 1412; x_wconf 85' lang='lat' dir='ltr'>praeferre</span> <span class='ocrx_word' id='word_1_95' title='bbox 1087 1337 1156 1393; x_wconf 83' lang='lat' dir='ltr'>tane</span> 
     </span>
     <span class='ocr_line' id='line_1_14' title="bbox 229 1426 1154 1507; baseline 0 -21"><span class='ocrx_word' id='word_1_96' title='bbox 229 1426 366 1486; x_wconf 87' lang='lat' dir='ltr'>leniores</span> <span class='ocrx_word' id='word_1_97' title='bbox 387 1427 501 1504; x_wconf 83' lang='lat' dir='ltr'>agendi</span> <span class='ocrx_word' id='word_1_98' title='bbox 522 1428 590 1488; x_wconf 87' lang='lat' dir='ltr'>vias</span> <span class='ocrx_word' id='word_1_99' title='bbox 605 1471 613 1500; x_wconf 93' lang='lat'>,</span> <span class='ocrx_word' id='word_1_100' title='bbox 629 1447 835 1506; x_wconf 85' lang='lat' dir='ltr'>semperque,</span> <span class='ocrx_word' id='word_1_101' title='bbox 858 1431 954 1489; x_wconf 91' lang='lat' dir='ltr'>donec</span> <span class='ocrx_word' id='word_1_102' title='bbox 976 1447 1034 1507; x_wconf 89' lang='lat' dir='ltr'>per</span> <span class='ocrx_word' id='word_1_103' title='bbox 1053 1429 1154 1489; x_wconf 81' lang='lat' dir='ltr'>Minist-</span> 
     </span>
    </p>

    <p class='ocr_par' dir='ltr' id='par_1_10' title="bbox 229 1517 1176 1785">
     <span class='ocr_line' id='line_1_15' title="bbox 229 1517 1176 1604; baseline -0.006 -24"><span class='ocrx_word' id='word_1_104' title='bbox 229 1521 313 1580; x_wconf 89' lang='lat' dir='ltr'>rium</span> <span class='ocrx_word' id='word_1_105' title='bbox 334 1522 487 1582; x_wconf 87' lang='lat' dir='ltr'>Nostrum</span> <span class='ocrx_word' id='word_1_106' title='bbox 508 1519 619 1580; x_wconf 90' lang='lat' dir='ltr'>licebit</span> <span class='ocrx_word' id='word_1_107' title='bbox 637 1521 745 1594; x_wconf 91' lang='lat' dir='ltr'>Nobis,</span> <span class='ocrx_word' id='word_1_108' title='bbox 762 1522 961 1598; x_wconf 88' lang='lat' dir='ltr'>praelaturos</span> <span class='ocrx_word' id='word_1_109' title='bbox 977 1540 1058 1594; x_wconf 89' lang='lat' dir='ltr'>esse,</span> <span class='ocrx_word' id='word_1_110' title='bbox 1073 1539 1106 1579; x_wconf 91' lang='lat' dir='ltr'>eo</span> <span class='ocrx_word' id='word_1_111' title='bbox 1120 1517 1176 1604; x_wconf 61' lang='lat' dir='ltr'>qd,</span> 
     </span>
     <span class='ocr_line' id='line_1_16' title="bbox 230 1609 1176 1692; baseline -0.002 -18"><span class='ocrx_word' id='word_1_112' title='bbox 230 1616 297 1674; x_wconf 91' lang='lat' dir='ltr'>dem</span> <span class='ocrx_word' id='word_1_113' title='bbox 320 1614 462 1686; x_wconf 89' lang='lat' dir='ltr'>consilio,</span> <span class='ocrx_word' id='word_1_114' title='bbox 474 1618 511 1674; x_wconf 92' lang='lat' dir='ltr'>ut</span> <span class='ocrx_word' id='word_1_115' title='bbox 524 1614 668 1674; x_wconf 91' lang='lat' dir='ltr'>seductos</span> <span class='ocrx_word' id='word_1_116' title='bbox 682 1615 926 1692; x_wconf 85' lang='lat' dir='ltr'>aberrantesque</span> <span class='ocrx_word' id='word_1_117' title='bbox 941 1616 1063 1676; x_wconf 80' lang='lat' dir='ltr'>animos</span> <span class='ocrx_word' id='word_1_118' title='bbox 1080 1619 1112 1674; x_wconf 90' lang='lat' dir='ltr'>ad</span> <span class='ocrx_word' id='word_1_119' title='bbox 1126 1615 1161 1673; x_wconf 85' lang='lat' dir='ltr'>Ee</span> <span class='ocrx_word' id='word_1_120' title='bbox 1175 1609 1176 1672; x_wconf 66' lang='lat' dir='ltr'>l</span> 
     </span>
     <span class='ocr_line' id='line_1_17' title="bbox 229 1702 1161 1785; baseline -0.01 -17"><span class='ocrx_word' id='word_1_121' title='bbox 229 1707 342 1768; x_wconf 86' lang='lat' dir='ltr'>clesiee</span> <span class='ocrx_word' id='word_1_122' title='bbox 357 1709 442 1768; x_wconf 85' lang='lat' dir='ltr'>ovile</span> <span class='ocrx_word' id='word_1_123' title='bbox 456 1709 580 1768; x_wconf 83' lang='lat' dir='ltr'>facilius</span> <span class='ocrx_word' id='word_1_124' title='bbox 595 1726 790 1768; x_wconf 86' lang='lat' dir='ltr'>revocemus.</span> <span class='ocrx_word' id='word_1_125' title='bbox 808 1708 927 1768; x_wconf 86' lang='lat' dir='ltr'>Idcirco</span> <span class='ocrx_word' id='word_1_126' title='bbox 945 1708 1129 1785; x_wconf 87' lang='lat' dir='ltr'>exquirimus</span> <span class='ocrx_word' id='word_1_127' title='bbox 1138 1702 1161 1762; x_wconf 84' lang='lat' dir='ltr'>ab</span> 
     </span>
    </p>

    <p class='ocr_par' dir='ltr' id='par_1_11' title="bbox 227 1801 1178 2251">
     <span class='ocr_line' id='line_1_18' title="bbox 227 1801 1162 1878; baseline -0.007 -15"><span class='ocrx_word' id='word_1_128' title='bbox 227 1801 405 1878; x_wconf 82' lang='lat' dir='ltr'>Episcopis,</span> <span class='ocrx_word' id='word_1_129' title='bbox 429 1805 466 1861; x_wconf 94' lang='lat' dir='ltr'>ut</span> <span class='ocrx_word' id='word_1_130' title='bbox 488 1801 549 1877; x_wconf 88' lang='lat' dir='ltr'>ipsi</span> <span class='ocrx_word' id='word_1_131' title='bbox 566 1819 713 1878; x_wconf 82' lang='lat' dir='ltr'>expresse</span> <span class='ocrx_word' id='word_1_132' title='bbox 737 1801 947 1878; x_wconf 87' lang='lat' dir='ltr'>distincteque</span> <span class='ocrx_word' id='word_1_133' title='bbox 968 1801 1102 1878; x_wconf 88' lang='lat' dir='ltr'>aliquam</span> <span class='ocrx_word' id='word_1_134' title='bbox 1117 1814 1162 1874; x_wconf 83' lang='lat' dir='ltr'>pro</span> 
     </span>
     <span class='ocr_line' id='line_1_19' title="bbox 229 1888 1162 1971; baseline 0.007 -19"><span class='ocrx_word' id='word_1_135' title='bbox 229 1898 366 1971; x_wconf 88' lang='lat' dir='ltr'>ponant,</span> <span class='ocrx_word' id='word_1_136' title='bbox 391 1897 569 1970; x_wconf 88' lang='lat' dir='ltr'>Nostroque</span> <span class='ocrx_word' id='word_1_137' title='bbox 595 1892 764 1952; x_wconf 90' lang='lat' dir='ltr'>subiiciant</span> <span class='ocrx_word' id='word_1_138' title='bbox 788 1894 927 1954; x_wconf 81' lang='lat' dir='ltr'>examini</span> <span class='ocrx_word' id='word_1_139' title='bbox 953 1895 1105 1954; x_wconf 90' lang='lat' dir='ltr'>rationem</span> <span class='ocrx_word' id='word_1_140' title='bbox 1128 1888 1162 1966; x_wconf 78' lang='lat' dir='ltr'>(d</span> 
     </span>
     <span class='ocr_line' id='line_1_20' title="bbox 231 1985 1162 2065; baseline -0.006 -17"><span class='ocrx_word' id='word_1_141' title='bbox 231 2005 321 2065; x_wconf 88' lang='lat' dir='ltr'>quam</span> <span class='ocrx_word' id='word_1_142' title='bbox 346 1992 450 2048; x_wconf 88' lang='lat' dir='ltr'>temen</span> <span class='ocrx_word' id='word_1_143' title='bbox 480 1985 621 2063; x_wconf 87' lang='lat' dir='ltr'>reperire</span> <span class='ocrx_word' id='word_1_144' title='bbox 650 1985 837 2063; x_wconf 87' lang='lat' dir='ltr'>poterunt),</span> <span class='ocrx_word' id='word_1_145' title='bbox 864 2003 926 2063; x_wconf 91' lang='lat' dir='ltr'>qua</span> <span class='ocrx_word' id='word_1_146' title='bbox 949 1987 1000 2047; x_wconf 89' lang='lat' dir='ltr'>uti</span> <span class='ocrx_word' id='word_1_147' title='bbox 1029 1989 1085 2046; x_wconf 92' lang='lat' dir='ltr'>boc</span> <span class='ocrx_word' id='word_1_148' title='bbox 1106 1991 1162 2044; x_wconf 88' lang='lat' dir='ltr'>ten·</span> 
     </span>
     <span class='ocr_line' id='line_1_21' title="bbox 228 2077 1178 2158; baseline -0.011 -16"><span class='ocrx_word' id='word_1_149' title='bbox 228 2100 302 2158; x_wconf 90' lang='lat' dir='ltr'>pore</span> <span class='ocrx_word' id='word_1_150' title='bbox 324 2081 489 2158; x_wconf 90' lang='lat' dir='ltr'>possimus,</span> <span class='ocrx_word' id='word_1_151' title='bbox 504 2082 599 2156; x_wconf 90' lang='lat' dir='ltr'>atque</span> <span class='ocrx_word' id='word_1_152' title='bbox 620 2078 760 2138; x_wconf 91' lang='lat' dir='ltr'>indicent</span> <span class='ocrx_word' id='word_1_153' title='bbox 781 2082 935 2157; x_wconf 92' lang='lat' dir='ltr'>quomodo</span> <span class='ocrx_word' id='word_1_154' title='bbox 957 2097 1084 2140; x_wconf 89' lang='lat' dir='ltr'>suarum</span> <span class='ocrx_word' id='word_1_155' title='bbox 1101 2077 1178 2154; x_wconf 55' lang='lat' dir='ltr'>Dicet</span> 
     </span>
     <span class='ocr_line' id='line_1_22' title="bbox 227 2172 1160 2251; baseline -0.011 -15"><span class='ocrx_word' id='word_1_156' title='bbox 227 2175 343 2236; x_wconf 89' lang='lat' dir='ltr'>casium</span> <span class='ocrx_word' id='word_1_157' title='bbox 364 2173 604 2233; x_wconf 84' lang='lat' dir='ltr'>necessitatibus</span> <span class='ocrx_word' id='word_1_158' title='bbox 636 2172 680 2233; x_wconf 87' lang='lat' dir='ltr'>sit</span> <span class='ocrx_word' id='word_1_159' title='bbox 710 2173 849 2235; x_wconf 88' lang='lat' dir='ltr'>eNobis</span> <span class='ocrx_word' id='word_1_160' title='bbox 881 2177 1057 2251; x_wconf 89' lang='lat' dir='ltr'>opportune</span> <span class='ocrx_word' id='word_1_161' title='bbox 1081 2173 1160 2232; x_wconf 80' lang='lat' dir='ltr'>subse·</span> 
     </span>
    </p>

    <p class='ocr_par' dir='ltr' id='par_1_12' title="bbox 230 2269 388 2328">
     <span class='ocr_line' id='line_1_23' title="bbox 230 2269 388 2328; baseline -0.006 -1"><span class='ocrx_word' id='word_1_162' title='bbox 230 2269 388 2328; x_wconf 89' lang='lat' dir='ltr'>niendum.</span> 
     </span>
    </p>

    <p class='ocr_par' dir='ltr' id='par_1_13' title="bbox 225 2356 1178 3462">
     <span class='ocr_line' id='line_1_24' title="bbox 287 2356 1160 2437; baseline -0.008 -18"><span class='ocrx_word' id='word_1_163' title='bbox 287 2359 459 2437; x_wconf 88' lang='lat' dir='ltr'>Praecipue</span> <span class='ocrx_word' id='word_1_164' title='bbox 487 2359 664 2419; x_wconf 89' lang='lat' dir='ltr'>censuimus</span> <span class='ocrx_word' id='word_1_165' title='bbox 690 2359 723 2417; x_wconf 91' lang='lat' dir='ltr'>in</span> <span class='ocrx_word' id='word_1_166' title='bbox 752 2377 789 2419; x_wconf 89' lang='lat' dir='ltr'>ea</span> <span class='ocrx_word' id='word_1_167' title='bbox 816 2358 960 2436; x_wconf 80' lang='lat' dir='ltr'>Epistola</span> <span class='ocrx_word' id='word_1_168' title='bbox 987 2359 1123 2420; x_wconf 83' lang='lat' dir='ltr'>facienda</span> <span class='ocrx_word' id='word_1_169' title='bbox 1140 2356 1160 2412; x_wconf 87' lang='lat' dir='ltr'>de</span> 
     </span>
     <span class='ocr_line' id='line_1_25' title="bbox 226 2447 1161 2531; baseline -0.011 -15"><span class='ocrx_word' id='word_1_170' title='bbox 226 2454 377 2531; x_wconf 80' lang='lat' dir='ltr'>Episcopo</span> <span class='ocrx_word' id='word_1_171' title='bbox 404 2452 678 2530; x_wconf 88' lang='lat' dir='ltr'>Augustodunensi</span> <span class='ocrx_word' id='word_1_172' title='bbox 701 2454 820 2526; x_wconf 88' lang='lat' dir='ltr'>verba,</span> <span class='ocrx_word' id='word_1_173' title='bbox 840 2453 894 2529; x_wconf 93' lang='lat' dir='ltr'>qui</span> <span class='ocrx_word' id='word_1_174' title='bbox 919 2452 1043 2529; x_wconf 91' lang='lat' dir='ltr'>primus</span> <span class='ocrx_word' id='word_1_175' title='bbox 1069 2447 1161 2530; x_wconf 80' lang='lat' dir='ltr'>gravis·</span> 
     </span>
     <span class='ocr_line' id='line_1_26' title="bbox 227 2539 1162 2607; baseline -0.005 0"><span class='ocrx_word' id='word_1_176' title='bbox 227 2545 340 2607; x_wconf 91' lang='lat' dir='ltr'>simum</span> <span class='ocrx_word' id='word_1_177' title='bbox 360 2546 474 2606; x_wconf 91' lang='lat' dir='ltr'>intulit</span> <span class='ocrx_word' id='word_1_178' title='bbox 503 2545 650 2605; x_wconf 82' lang='lat' dir='ltr'>universo</span> <span class='ocrx_word' id='word_1_179' title='bbox 679 2545 749 2605; x_wconf 92' lang='lat' dir='ltr'>orbi</span> <span class='ocrx_word' id='word_1_180' title='bbox 777 2545 931 2606; x_wconf 85' lang='lat' dir='ltr'>catholieo</span> <span class='ocrx_word' id='word_1_181' title='bbox 952 2545 1124 2606; x_wconf 81' lang='lat' dir='ltr'>scandalum</span> <span class='ocrx_word' id='word_1_182' title='bbox 1143 2539 1162 2596; x_wconf 81' lang='lat' dir='ltr'>iu</span> 
     </span>
     <span class='ocr_line' id='line_1_27' title="bbox 227 2637 1163 2718; baseline -0.006 -18"><span class='ocrx_word' id='word_1_183' title='bbox 227 2639 413 2718; x_wconf 89' lang='lat' dir='ltr'>proferendo</span> <span class='ocrx_word' id='word_1_184' title='bbox 434 2639 534 2698; x_wconf 90' lang='lat' dir='ltr'>civico</span> <span class='ocrx_word' id='word_1_185' title='bbox 556 2639 763 2711; x_wconf 90' lang='lat' dir='ltr'>sacramento;</span> <span class='ocrx_word' id='word_1_186' title='bbox 779 2656 815 2698; x_wconf 95' lang='lat' dir='ltr'>ac</span> <span class='ocrx_word' id='word_1_187' title='bbox 836 2639 893 2698; x_wconf 92' lang='lat' dir='ltr'>sub</span> <span class='ocrx_word' id='word_1_188' title='bbox 913 2637 982 2698; x_wconf 90' lang='lat' dir='ltr'>eius</span> <span class='ocrx_word' id='word_1_189' title='bbox 1003 2637 1163 2709; x_wconf 79' lang='lat' dir='ltr'>nominege</span> 
     </span>
     <span class='ocr_line' id='line_1_28' title="bbox 228 2731 1162 2810; baseline -0.006 -17"><span class='ocrx_word' id='word_1_190' title='bbox 228 2733 364 2794; x_wconf 88' lang='lat' dir='ltr'>neratim</span> <span class='ocrx_word' id='word_1_191' title='bbox 386 2732 677 2808; x_wconf 90' lang='lat' dir='ltr'>comprehendimus</span> <span class='ocrx_word' id='word_1_192' title='bbox 691 2732 858 2810; x_wconf 91' lang='lat' dir='ltr'>Episcopos</span> <span class='ocrx_word' id='word_1_193' title='bbox 871 2737 1007 2806; x_wconf 88' lang='lat' dir='ltr'>ceteros,</span> <span class='ocrx_word' id='word_1_194' title='bbox 1023 2732 1076 2810; x_wconf 91' lang='lat' dir='ltr'>qui</span> <span class='ocrx_word' id='word_1_195' title='bbox 1089 2731 1162 2806; x_wconf 88' lang='lat' dir='ltr'>ipsun</span> 
     </span>
     <span class='ocr_line' id='line_1_29' title="bbox 226 2823 1164 2901; baseline -0.001 -17"><span class='ocrx_word' id='word_1_196' title='bbox 226 2825 351 2886; x_wconf 89' lang='lat' dir='ltr'>imitari</span> <span class='ocrx_word' id='word_1_197' title='bbox 373 2824 547 2898; x_wconf 91' lang='lat' dir='ltr'>voluerint,</span> <span class='ocrx_word' id='word_1_198' title='bbox 563 2824 648 2883; x_wconf 90' lang='lat' dir='ltr'>inter</span> <span class='ocrx_word' id='word_1_199' title='bbox 663 2843 739 2901; x_wconf 92' lang='lat' dir='ltr'>quos</span> <span class='ocrx_word' id='word_1_200' title='bbox 758 2823 822 2884; x_wconf 84' lang='lat' dir='ltr'>init</span> <span class='ocrx_word' id='word_1_201' title='bbox 835 2825 1013 2886; x_wconf 80' lang='lat' dir='ltr'>Cardinalis</span> <span class='ocrx_word' id='word_1_202' title='bbox 1030 2826 1068 2885; x_wconf 85' lang='lat' dir='ltr'>dc</span> <span class='ocrx_word' id='word_1_203' title='bbox 1081 2823 1164 2883; x_wconf 70' lang='lat' dir='ltr'>Lect-</span> 
     </span>
     <span class='ocr_line' id='line_1_30' title="bbox 227 2911 1164 2994; baseline -0.005 -15"><span class='ocrx_word' id='word_1_204' title='bbox 227 2922 293 2992; x_wconf 80' lang='lat' dir='ltr'>oie,</span> <span class='ocrx_word' id='word_1_205' title='bbox 311 2921 347 2978; x_wconf 91' lang='lat' dir='ltr'>ut</span> <span class='ocrx_word' id='word_1_206' title='bbox 366 2919 430 2979; x_wconf 89' lang='lat' dir='ltr'>Nos</span> <span class='ocrx_word' id='word_1_207' title='bbox 445 2918 512 2994; x_wconf 90' lang='lat' dir='ltr'>ipse</span> <span class='ocrx_word' id='word_1_208' title='bbox 533 2916 686 2976; x_wconf 85' lang='lat' dir='ltr'>certiores</span> <span class='ocrx_word' id='word_1_209' title='bbox 701 2914 778 2975; x_wconf 89' lang='lat' dir='ltr'>fecit</span> <span class='ocrx_word' id='word_1_210' title='bbox 798 2933 855 2992; x_wconf 87' lang='lat' dir='ltr'>per</span> <span class='ocrx_word' id='word_1_211' title='bbox 870 2935 942 2977; x_wconf 86' lang='lat' dir='ltr'>suas</span> <span class='ocrx_word' id='word_1_212' title='bbox 962 2911 1164 2977; x_wconf 75' lang='lat' dir='ltr'>erroneasbit</span> 
     </span>
     <span class='ocr_line' id='line_1_31' title="bbox 227 3005 1162 3088; baseline -0.011 -16"><span class='ocrx_word' id='word_1_213' title='bbox 227 3017 325 3086; x_wconf 89' lang='lat' dir='ltr'>teras,</span> <span class='ocrx_word' id='word_1_214' title='bbox 340 3029 417 3088; x_wconf 90' lang='lat' dir='ltr'>quas</span> <span class='ocrx_word' id='word_1_215' title='bbox 438 3009 579 3088; x_wconf 86' lang='lat' dir='ltr'>propriis</span> <span class='ocrx_word' id='word_1_216' title='bbox 601 3008 746 3086; x_wconf 89' lang='lat' dir='ltr'>politices</span> <span class='ocrx_word' id='word_1_217' title='bbox 767 3009 909 3070; x_wconf 89' lang='lat' dir='ltr'>sensibus</span> <span class='ocrx_word' id='word_1_218' title='bbox 922 3011 1038 3070; x_wconf 88' lang='lat' dir='ltr'>misere</span> <span class='ocrx_word' id='word_1_219' title='bbox 1052 3005 1162 3070; x_wconf 83' lang='lat' dir='ltr'>refersit.</span> 
     </span>
     <span class='ocr_line' id='line_1_32' title="bbox 227 3101 1164 3184; baseline -0.012 -18"><span class='ocrx_word' id='word_1_220' title='bbox 227 3107 342 3168; x_wconf 88' lang='lat' dir='ltr'>Statim</span> <span class='ocrx_word' id='word_1_221' title='bbox 354 3108 419 3168; x_wconf 91' lang='lat' dir='ltr'>Nos</span> <span class='ocrx_word' id='word_1_222' title='bbox 430 3106 490 3184; x_wconf 87' lang='lat' dir='ltr'>ipsi</span> <span class='ocrx_word' id='word_1_223' title='bbox 502 3122 683 3181; x_wconf 92' lang='lat' dir='ltr'>responsum</span> <span class='ocrx_word' id='word_1_224' title='bbox 695 3105 834 3164; x_wconf 91' lang='lat' dir='ltr'>dedimus</span> <span class='ocrx_word' id='word_1_225' title='bbox 844 3104 902 3183; x_wconf 82' lang='lat'>(1),</span> <span class='ocrx_word' id='word_1_226' title='bbox 914 3103 1002 3164; x_wconf 91' lang='lat' dir='ltr'>ouius</span> <span class='ocrx_word' id='word_1_227' title='bbox 1015 3101 1164 3179; x_wconf 81' lang='lat' dir='ltr'>exemplum</span> 
     </span>
     <span class='ocr_line' id='line_1_33' title="bbox 225 3197 1163 3276; baseline -0.001 -18"><span class='ocrx_word' id='word_1_228' title='bbox 225 3199 313 3258; x_wconf 90' lang='lat' dir='ltr'>hisce</span> <span class='ocrx_word' id='word_1_229' title='bbox 334 3201 372 3260; x_wconf 91' lang='lat' dir='ltr'>ad</span> <span class='ocrx_word' id='word_1_230' title='bbox 396 3202 441 3260; x_wconf 89' lang='lat' dir='ltr'>Te</span> <span class='ocrx_word' id='word_1_231' title='bbox 460 3199 588 3260; x_wconf 90' lang='lat' dir='ltr'>Nostris</span> <span class='ocrx_word' id='word_1_232' title='bbox 610 3197 838 3274; x_wconf 85' lang='lat' dir='ltr'>coniungimns.</span> <span class='ocrx_word' id='word_1_233' title='bbox 855 3199 935 3258; x_wconf 90' lang='lat' dir='ltr'>Dum</span> <span class='ocrx_word' id='word_1_234' title='bbox 956 3216 992 3258; x_wconf 91' lang='lat' dir='ltr'>eo</span> <span class='ocrx_word' id='word_1_235' title='bbox 1013 3200 1163 3276; x_wconf 80' lang='lat' dir='ltr'>pacto,qu⁰</span> 
     </span>
     <span class='ocr_line' id='line_1_34' title="bbox 225 3284 1163 3370; baseline -0.002 -17"><span class='ocrx_word' id='word_1_236' title='bbox 225 3291 397 3369; x_wconf 88' lang='lat' dir='ltr'>Episcopus</span> <span class='ocrx_word' id='word_1_237' title='bbox 411 3290 716 3370; x_wconf 87' lang='lat' dir='ltr'>Augustodunensis,</span> <span class='ocrx_word' id='word_1_238' title='bbox 729 3289 906 3351; x_wconf 73' lang='lat' dir='ltr'>cardinalis</span> <span class='ocrx_word' id='word_1_239' title='bbox 920 3290 982 3362; x_wconf 83' lang='lat' dir='ltr'>iste</span> <span class='ocrx_word' id='word_1_240' title='bbox 996 3309 1030 3350; x_wconf 88' lang='lat' dir='ltr'>se</span> <span class='ocrx_word' id='word_1_241' title='bbox 1045 3284 1163 3369; x_wconf 76' lang='lat' dir='ltr'>gesserit</span> 
     </span>
     <span class='ocr_line' id='line_1_35' title="bbox 225 3383 1178 3462; baseline -0.01 -16"><span class='ocrx_word' id='word_1_242' title='bbox 225 3384 342 3461; x_wconf 90' lang='lat' dir='ltr'>aliique</span> <span class='ocrx_word' id='word_1_243' title='bbox 364 3386 424 3444; x_wconf 92' lang='lat' dir='ltr'>duo</span> <span class='ocrx_word' id='word_1_244' title='bbox 444 3383 610 3462; x_wconf 87' lang='lat' dir='ltr'>Episcopi,</span> <span class='ocrx_word' id='word_1_245' title='bbox 633 3401 711 3460; x_wconf 90' lang='lat' dir='ltr'>quos</span> <span class='ocrx_word' id='word_1_246' title='bbox 732 3383 875 3461; x_wconf 88' lang='lat' dir='ltr'>deinceps</span> <span class='ocrx_word' id='word_1_247' title='bbox 903 3383 1115 3458; x_wconf 85' lang='lat' dir='ltr'>intelleximus</span> <span class='ocrx_word' id='word_1_248' title='bbox 1131 3393 1178 3436; x_wconf 51' lang='lat' dir='ltr'>eo·¹</span> 
     </span>
    </p>
   </div>
   <div class='ocr_carea' id='block_1_4' title="bbox 289 3501 661 3560">
    <p class='ocr_par' dir='ltr' id='par_1_14' title="bbox 289 3501 661 3560">
     <span class='ocr_line' id='line_1_36' title="bbox 289 3501 661 3560; baseline -0.008 -11"><span class='ocrx_word' id='word_1_249' title='bbox 289 3503 328 3558; x_wconf 83' lang='grc'>(1)</span> <span class='ocrx_word' id='word_1_250' title='bbox 344 3503 399 3550; x_wconf 83' lang='lat' dir='ltr'>Iam</span> <span class='ocrx_word' id='word_1_251' title='bbox 418 3501 528 3549; x_wconf 84' lang='lat' dir='ltr'>rolatum</span> <span class='ocrx_word' id='word_1_252' title='bbox 546 3513 604 3560; x_wconf 71' lang='lat' dir='ltr'>pag.</span> <span class='ocrx_word' id='word_1_253' title='bbox 622 3501 661 3547; x_wconf 78' lang='lat'>55.</span> 
     </span>
    </p>
   </div>
   <div class='ocr_carea' id='block_1_5' title="bbox 0 0 1198 4194">
    <p class='ocr_par' dir='ltr' id='par_1_15' title="bbox 0 0 1198 4194">
     <span class='ocr_line' id='line_1_37' title="bbox 0 0 1198 4194; baseline 0 1"><span class='ocrx_word' id='word_1_254' title='bbox 0 0 1198 4194; x_wconf 95' lang='lat' dir='ltr'> </span> 
     </span>
    </p>
   </div>
  </div>
 </body>
</html>
