2514 4198
26 3707 29 3772 i

427 245 606 305 -131-

19 355 96 434 legii
121 355 263 414 crimine
285 371 340 414 uec
360 353 450 431 peti,
477 371 532 413 uec
553 353 710 430 praestari
742 355 847 431 potest
877 372 897 414 a
926 371 1001 431 quo·

18 467 112 526 quam
137 447 412 525 metropolitano,
436 449 494 508 aut
514 446 678 524 episcopo,
702 447 762 508 nisi
793 465 848 508 suo
874 451 999 524 pastore

15 543 79 603 rite
101 544 226 602 careat
245 539 403 611 Ecclesia,
428 539 488 599 nisi
510 539 624 599 electio
646 540 816 614 canonica,
839 559 917 618 quae
939 541 1000 601 tibi

16 636 153 696 omnino
180 635 279 705 deest,
303 635 482 705 antecedat,
504 636 537 693 et
557 633 620 692 nisi
640 635 795 695 Nostrum
817 635 1000 696 mandatum

15 729 239 807 apostolicum
260 729 361 800 adsit,
384 745 425 787 ex
444 745 506 804 quo
531 727 681 787 canonica
700 727 808 787 missio
830 727 1000 805 proficisci-

15 829 90 898 tur3
107 825 168 885 ita
193 826 238 896 ut,
256 823 309 883 ubi
323 821 420 882 aliter
441 821 600 882 ordinatio
621 821 698 895 fiat,
721 826 849 900 praeter
870 801 1001 883 sacrile-

16 917 118 996 gium,
145 935 215 995 quo
236 915 290 993 qui
311 914 479 976 ordinatur
495 914 652 988 inlicitur,
675 915 776 977 omnis
797 916 837 977 ab
858 935 893 976 eo
915 916 1000 977 absit

18 1015 172 1087 potestas
193 1013 228 1071 et
248 1007 441 1082 iurisdictio,
457 1012 491 1068 et
511 1009 696 1086 quicumque
715 1010 754 1070 ab
775 1029 811 1070 eo
831 1010 1000 1088 perficiun·
1060 1003 1065 1023 '

19 1109 70 1164 tur
92 1109 214 1179 actus,
231 1103 320 1164 irriti
342 1103 409 1163 siut
429 1103 606 1180 nulliusque
626 1104 754 1164 valoris.

76 1200 143 1260 Hic
157 1215 258 1277 porro
270 1198 422 1271 defectus,
437 1197 491 1275 qui
505 1216 545 1258 ex
559 1198 627 1276 ipsa
640 1197 689 1257 rei
703 1202 819 1259 natura
833 1215 867 1258 se
881 1197 997 1274 prodit,

22 1293 117 1352 adimi
143 1291 291 1370 profecto
319 1309 380 1350 non
402 1292 525 1367 posset,
548 1293 605 1350 aut
630 1289 752 1363 minui,
782 1291 808 1351 si
837 1292 908 1368 quis
935 1294 999 1353 ltc-

26 1385 156 1446 clesiam
187 1385 382 1462 regendam,
413 1386 508 1460 atque
535 1383 816 1447 administrandam
843 1384 1001 1462 acciperet

27 1495 60 1538 ea
79 1482 197 1540 mente
218 1495 254 1538 ac
275 1477 466 1550 voluntate,
488 1480 525 1538 ut
544 1477 674 1537 eandem
703 1476 849 1555 legitimo
877 1478 998 1554 pastori
1021 1513 1025 1520 ·

34 1575 179 1635 redderet
195 1573 307 1634 statim
324 1590 361 1632 ac
375 1589 523 1648 praesens
537 1573 738 1632 decretorum
754 1570 935 1631 auferretur
950 1572 1002 1631 ob·

38 1667 202 1728 stooulum.
217 1667 274 1728 Nil
295 1664 378 1726 enim
393 1665 481 1725 valet
502 1665 661 1738 voluntas,
677 1682 756 1741 quae
777 1663 843 1741 ipso
863 1664 1001 1725 invasio·

39 1758 82 1819 nis
98 1766 172 1822 actu
197 1759 386 1831 destruitur,
403 1777 460 1818 nec
481 1758 546 1819 ullo
567 1760 657 1818 modo
679 1759 765 1835 leges
786 1776 805 1817 s
825 1757 908 1818 laica
928 1758 1001 1818 ille·

35 1851 141 1927 gitima
155 1855 320 1934 potestate
331 1851 490 1930 proiectae
501 1855 633 1929 possunt
641 1850 799 1913 Ecclesiae
812 1851 934 1928 legibus
946 1852 1001 1913 dn-

36 1945 154 2024 teierri‚
171 1949 212 2010 ad
234 1963 327 2024 quam
343 1947 434 2006 unice
456 1946 598 2023 pertinet
611 1947 831 2007 sublimiorum
845 1947 1001 2010 Ecclesia·

36 2037 183 2102 sticorum
207 2057 373 2099 munerum
395 2039 522 2112 divisio,
537 2057 574 2099 ac
595 2024 791 2101 distributio.

88 2135 155 2195 Sua
177 2138 228 2194 est
250 2134 371 2211 pastori
384 2149 441 2211 per
461 2125 539 2207 vim,
555 2136 589 2193 et
607 2133 758 2194 iniuriam
773 2152 792 2195 a
807 2134 936 2212 propris
950 2151 1000 2193 se·

39 2225 70 2284 de
89 2229 215 2290 deiecto
236 2229 365 2306 integra
384 2227 575 2300 iurisdictio,
599 2246 749 2306 suumque
769 2229 826 2291 ille
848 2229 909 2290 sibi
930 2231 1001 2290 vin-

40 2318 114 2383 dicat
133 2326 186 2384 ius
209 2325 339 2403 regendi
360 2323 565 2400 pascendique
579 2323 706 2402 Gregis,
722 2327 820 2401 quoad
842 2324 909 2385 eius
929 2324 1000 2386 fieri

41 2419 147 2488 potest.
164 2421 215 2480 Ex
236 2436 296 2495 quo
317 2417 373 2492 fit,
390 2419 427 2476 ut
449 2417 633 2494 permittere
656 2436 862 2494 nequeamus,
877 2419 1002 2482 ordina·

39 2506 65 2564 ti
82 2529 269 2590 quemquam
290 2511 324 2570 in
346 2509 452 2587 aliqua
471 2511 623 2585 Ecclesia,
645 2510 697 2570 cui
718 2528 793 2572 suus
813 2512 858 2572 sit
879 2517 999 2600 pastor,

43 2614 72 2658 ne
92 2605 218 2665 nomine
250 2603 376 2681 quidem
397 2603 612 2677 coadiutoris3
634 2623 671 2664 eo
694 2604 746 2664 vel
769 2605 892 2682 magis,
918 2607 1000 2682 qnod

42 2713 94 2758 non
115 2705 200 2764 solet
213 2701 390 2780 apostolica
403 2703 491 2762 sedes
505 2701 683 2763 huiusmodi
697 2701 907 2763 coadiutorias
928 2722 1002 2764 cou-

45 2793 153 2869 cedere,
170 2796 233 2856 nisi
253 2795 339 2856 iusta
359 2796 525 2856 secedente
539 2814 644 2870 causa,
658 2814 752 2873 quum
771 2813 904 2858 canones
926 2815 1000 2874 pro·

44 2882 129 2965 baut,
160 2889 266 2967 qualis
299 2907 366 2948 esse
398 2888 508 2966 nequit
539 2888 681 2948 violenta
720 2887 858 2948 omnium
892 2907 1001 2949 sacro-

47 2992 105 3041 rum
124 2983 244 3043 inrium
266 2981 447 3056 subversio,
462 2988 496 3042 et
517 2982 578 3042 nisi
593 2981 733 3042 coadiuti
755 2981 852 3042 etiam
872 3000 1001 3052 consen·

47 3079 247 3152 susaocedst,
262 3075 317 3154 qui
343 3075 526 3155 plerumque
552 3074 619 3152 peti
647 3075 746 3150 solet,
769 3080 862 3155 atque
891 3095 1002 3154 exspe-

49 3167 126 3230 ouri.

96 3262 149 3325 Nil
171 3278 247 3340 ergo
268 3261 328 3322 tibi
350 3261 435 3322 aliud
458 3264 507 3322 est
528 3261 661 3340 reliqui,
678 3262 738 3322 nisi
762 3265 799 3322 ut
818 3263 1001 3342 cuicumque

54 3347 167 3416 obsistas
188 3354 325 3426 conatui,
343 3355 439 3432 utque
459 3359 625 3432 praeterea
645 3374 752 3416 omues
773 3355 911 3434 ingenii,
938 3359 1002 3418 elo-

54 3450 191 3522 quentiae,
215 3447 452 3524 industriaeque
474 3450 560 3508 Tuae
583 3467 698 3510 nervos
718 3451 888 3510 contendas
911 3450 942 3509 in
958 3450 1002 3509 ci-

56 3534 127 3602 vibus
147 3542 225 3602 Tuis
246 3541 499 3609 commonendis.
522 3543 768 3620 hortandisque,
794 3560 833 3602 ne
855 3560 1000 3620 umquam
1057 3612 1061 3630 ι

863 3649 881 3683 *
