2364 4198
229 298 316 360 dicta
330 297 499 369 facultate,
515 313 569 355 seu
583 294 812 371 dispensatione
826 293 1003 355 celebrandi
1016 293 1060 352 bia
1078 294 1105 351 in
1121 293 1157 353 dic

229 392 336 464 aliter,
346 407 437 467 quam
451 407 490 448 ex
505 389 701 467 gravissimis
715 389 816 450 causis
829 391 864 448 et
884 387 1043 448 rarissime
1061 389 1158 460 utatuq

229 487 262 546 iu
283 501 343 562 quc
364 481 508 560 graviter
528 483 627 560 ipsius
656 483 849 544 couscientia
872 487 1035 542 oneratur.
1055 479 1159 548 Quodsi

229 579 309 638 haue
330 577 459 637 eandem
478 575 664 638 facultatem
684 577 780 638 alteri
802 576 966 637 Sacerdoti
988 575 1074 635 iuxta
1095 577 1159 651 pote-

230 673 345 732 statem
355 669 488 731 inferius
499 671 708 748 apponendam
720 669 951 730 communicare
965 670 1066 731 visum
1075 667 1159 740 luerit,

231 764 314 826 aerio
325 764 425 842 ipsius
437 762 644 825 conscientiae
657 763 847 840 iniungitur,
861 766 897 822 ut
908 763 1015 841 paucis
1026 761 1160 821 dumtaxat

228 857 330 936 iisque
350 859 534 919 maturioris
555 859 741 935 prudentiae
762 877 798 918 ac
819 858 897 930 zeli,
919 860 953 917 et
973 856 1029 933 qui
1048 854 1159 915 absolute

230 954 399 1014 necessarii
420 957 508 1024 suut,
524 971 580 1012 nec
601 970 657 1028 pru
677 952 821 1030 quolibet
841 952 924 1024 loco,
939 951 992 1012 sed
1016 949 1067 1010 ubi
1082 945 1160 1027 paru

230 1048 400 1108 necessitas
421 1047 552 1120 tulerit,
575 1056 609 1106 et
628 1047 666 1105 ad
689 1047 785 1105 breve
807 1050 930 1123 tempus
953 1046 1084 1106 eandem
1104 1057 1158 1101 con·

118 1213 119 1220 ἵ
229 1141 381 1202 munieet.

292 1235 340 1294 17.
363 1231 529 1293 Deierendi
548 1233 787 1294 sanctissimum
809 1233 1050 1292 Sacramentum
1069 1229 1153 1290 occulte

229 1329 267 1390 ud
289 1327 442 1398 infirmos,
457 1327 524 1384 sine
544 1327 678 1400 lumine,
695 1327 835 1403 illudque
850 1327 916 1386 sine
930 1329 1041 1387 eodem
1056 1324 1150 1386 retinen·

230 1422 263 1482 di
283 1439 340 1499 pro
359 1420 475 1480 eisdem
497 1420 652 1493 infirmis,
668 1421 701 1479 iu
723 1420 791 1480 loeo
811 1421 917 1480 tamen
938 1419 1083 1492 decenti,
1102 1415 1150 1476 siat

230 1513 401 1594 haereticis
421 1517 477 1574 aut
495 1511 677 1573 Infldelibus
699 1513 741 1573 sit
761 1513 935 1592 periculum
956 1511 1120 1588 sacrilegii.

294 1607 342 1667 18.
364 1608 569 1685 Dispensandi
596 1609 635 1668 ab
663 1626 757 1668 onere
783 1607 969 1685 suscipiendi
997 1608 1122 1668 Gradun
1138 1601 1156 1658 iu

129 1719 132 1726 ·
232 1700 330 1762 Sacra
351 1701 538 1779 Theolcgia,
554 1702 607 1762 vel
622 1702 691 1763 iure
712 1703 866 1764 Gauonieo
887 1708 943 1762 aut
957 1701 1072 1774 civili,
1086 1695 1157 1760 necle

230 1794 373 1855 siasticcs
392 1795 466 1854 illos
486 1796 539 1872 qui
559 1795 593 1855 in
614 1796 757 1856 vicarios
777 1797 952 1874 erigentur.

294 1891 343 1952 19.
366 1890 618 1952 communicandi
639 1892 696 1950 has
716 1891 885 1952 facultates
906 1891 938 1950 iu
960 1894 1066 1951 totum
1085 1886 1124 1947 rel
1139 1883 1157 1940 iu

232 1988 343 2063 parte,
365 1987 462 2062 prout
482 2003 557 2062 opus
585 2003 652 2046 esse
681 1989 847 2055 secundum
876 1987 944 2046 eius
972 1981 1156 2046 conscientian

232 2079 664 2152 iudicaverit‚Sacerdotibus
675 2081 794 2140 idoneis
805 2085 870 2140 tam
881 2090 939 2158 pro
951 2081 1090 2140 omnibus
1100 2073 1155 2141 loeis,

232 2191 325 2250 quam
354 2190 411 2251 pru
437 2173 594 2250 aliquibus
628 2175 764 2235 eiusdem
792 2175 948 2235 Dioecesis
979 2170 1155 2248 Gorisopien·

139 2265 140 2270 ’
231 2267 296 2339 cie,
313 2270 346 2326 et
366 2269 403 2327 ad
425 2271 547 2345 tempus
568 2268 627 2328 sibi
648 2268 844 2338 benevisum‚
861 2271 956 2346 prout
969 2268 1069 2345 magis
1088 2263 1153 2323 inu

233 2360 318 2420 minc
340 2361 487 2437 expedire
507 2361 713 2434 iudicaverit3
728 2379 784 2420 nec
805 2379 864 2419 non
886 2362 1029 2435 easdem,
1044 2359 1150 2437 quaten

231 2471 313 2532 'opus
325 2454 436 2528 inerit,
451 2455 619 2514 revocandi
634 2455 701 2515 eive
722 2456 817 2516 etiam
837 2458 1039 2530 moderandi,
1055 2457 1111 2514 tan
1122 2447 1154 2507 eir·

233 2567 271 2610 ca
291 2548 418 2609 illorum
441 2566 549 2622 usum,
571 2566 662 2626 quam
684 2549 768 2610 eirca
788 2547 856 2610 loca
876 2553 910 2610 et
930 2553 1054 2627 tempus
1072 2545 1155 2606 eusdem

233 2643 411 2717 exercendi3
427 2641 473 2702 ita
493 2647 597 2703 tamen
620 2646 656 2703 ut
676 2644 763 2704 nullo
783 2647 875 2720 pacto
895 2643 993 2704 liceat
1009 2643 1114 2702 eisden
1129 2629 1156 2692 uli

234 2741 327 2798 extra
340 2737 417 2796 lines
439 2735 541 2795 dictae
561 2736 803 2814 corisopitensis
823 2735 991 2796 Dioecesis.

294 2829 344 2890 20.
368 2829 553 2889 Praedictae
574 2831 679 2888 autem
701 2830 870 2890 facultates
885 2829 986 2907 gratis
1000 2832 1034 2888 et
1048 2817 1156 2887 sineull⁸

235 2924 376 2983 mercede
400 2925 627 2996 exerceantur,
646 2927 683 2983 et
707 2925 905 3000 quoadusque
926 2923 1021 2982 Sedes
1041 2909 1156 2987 Gorisopi·

235 3015 333 3076 tensis
358 3015 541 3088 vacaverit,
563 3032 599 3074 ac
625 3016 721 3075 donee
749 3017 786 3075 de
814 3015 957 3094 legitimo
984 2999 1155 3092 Episcopi

230 3109 439 3187 provideatur
452 3112 486 3169 et
499 3107 632 3168 schisma
645 3108 829 3179 cessaverit,
849 3125 904 3167 nec
920 3125 978 3166 non
994 3107 1031 3167 ad
1046 3097 1155 3176 beneple

232 3202 333 3264 citum
354 3207 388 3262 et
408 3201 594 3262 Sanctitatis
615 3203 696 3262 Suae
717 3218 878 3262 concessae
898 3201 1119 3279 intelligantur.

295 3298 409 3356 Datum
431 3299 548 3357 Romae
570 3313 610 3355 ex
629 3293 768 3356 Aedibus
788 3295 890 3356 dietae
915 3296 948 3356 S.
969 3283 1155 3371 congregatio·

231 3389 285 3451 nis
305 3389 356 3449 die
377 3389 450 3450 iulii
470 3389 675 3452 Mucoxol..

728 3485 766 3544 L.
785 3482 880 3544 card.
904 3485 1100 3545 Aaronem.
