2364 4198
214 268 302 329 nulla
325 283 437 344 capere
463 264 582 342 poterit
605 263 972 334 tentorummeritorum
993 263 1114 322 tuorum
1133 259 1159 318 in

212 361 279 422 dies
293 359 406 438 magis,
421 358 581 438 magisque
594 359 850 420 cumulandornm
865 357 993 418 oblivio.

219 505 222 512 .
274 456 377 530 Atque
396 453 481 528 haec
494 455 530 512 ut
553 451 708 530 ampliora
726 451 818 527 finnt,
834 451 953 528 tibique
974 449 1159 528 gloriosiora

202 546 476 614 communicamus
495 546 547 606 lnio
567 545 678 606 itidem
700 550 803 606 tecum
827 545 1021 618 immensum⁵
1039 543 1160 602 dolorem

112 721 114 728 Α
214 643 388 714 Nostrum,
403 657 464 716 quo
485 641 538 700 diu
564 643 718 717 noctuque
745 657 918 717 urgemur,
940 639 1015 698 dum
1039 635 1160 712 quaest

215 732 329 793 ultima
355 732 478 810 origine
498 733 530 792 in
554 732 659 802 Gellia
679 732 812 806 floruit,
841 731 963 795 Christi
993 729 1159 806 religionem

216 826 314 904 ipsam
334 826 477 909 videmus
498 825 611 886 ibidem
634 843 715 885 nunc
736 824 828 901 plana
849 823 972 902 proteri
993 842 1033 884 ac
1054 838 1161 899 pessun-

217 920 298 982 dari.
316 921 400 987 Quae
420 921 573 992 fidelium,
588 939 667 997 quae
686 921 883 980 sacerdotum
904 919 1090 990 insectatio,
1103 931 1173 992 qnae

216 1014 367 1076 bonorum
395 1013 471 1091 fuga
495 1015 571 1088 fiat,
602 1014 669 1090 ipse
694 1014 836 1091 profecto
863 1032 924 1074 non
957 1012 1099 1090 ignoras.
1119 1009 1159 1068 llle

217 1106 313 1168 etiam
338 1107 513 1184 impietatis
536 1107 624 1168 furor
648 1107 681 1166 in
703 1107 822 1167 alienas
847 1106 983 1167 ditiones
1011 1105 1157 1172 exundare,

219 1200 382 1278 omniaque
405 1204 468 1262 tam
492 1201 611 1274 divina,
627 1219 718 1278 quam
740 1201 841 1278 regia,
854 1205 947 1278 atque
962 1198 1156 1260 humanoinrr

218 1293 331 1371 ubique
353 1298 457 1356 tentat
479 1313 534 1370 per
558 1313 630 1355 suas
654 1313 738 1372 opes,
761 1312 817 1372 per
841 1295 983 1366 insidias,
1010 1310 1071 1370 per
1093 1303 1151 1349 nom

219 1386 378 1463 opiniones
406 1387 487 1448 clam
515 1387 678 1464 palamque
703 1405 903 1465 corrumpere
925 1387 1173 1460 aosubrerlem

218 1478 276 1538 Dei
298 1477 396 1555 ipsius
419 1484 606 1556 potestatem
631 1484 802 1558 oppugnat,
826 1487 861 1541 ut
879 1485 969 1541 tanto
991 1479 1173 1540 faciliusne

220 1570 303 1647 giam
317 1575 506 1648 potestatem
522 1575 633 1651 possit,
647 1592 725 1651 quae
736 1573 824 1634 illius
838 1573 993 1635 innititur
1010 1572 1173 1634 volnncun

219 1664 257 1722 de
279 1665 380 1725 medic
402 1685 531 1744 prorsus
544 1668 680 1728 auferre.
701 1667 801 1727 Huius
816 1665 917 1743 igitur
937 1668 1092 1726 audaciae
1110 1665 1159 1720 hec

219 1759 310 1817 tenus
330 1759 489 1820 inauditae
508 1779 578 1820 cum
600 1760 758 1820 teterrimi
775 1759 990 1819 formidentur
1016 1773 1159 1824 successm

220 1868 350 1928 cumque
378 1855 474 1930 pestis
503 1855 580 1912 haec
611 1854 724 1931 ubique
764 1858 944 1930 grassetur,
970 1871 1011 1912 ao
1038 1869 1105 1912 suas
1124 1850 1160 1906 in·

220 1943 332 2004 mittat
356 1945 470 2022 stirpes
492 1964 561 2005 cum
583 1947 708 2024 publico
729 1946 866 2006 maximo
893 1945 1090 2006 detrimento
1112 1959 1165 2002 eru·-

221 2041 343 2113 pluras,
353 2032 356 2037 ’
366 2057 571 2116 quorumnam
586 2039 686 2118 magis
705 2041 851 2112 interest,
872 2057 965 2116 quam
980 2057 1094 2116 regum
1107 2037 1173 2112 ipso}

221 2148 291 2190 rum
307 2134 434 2192 eandem
450 2134 602 2193 radicitus
615 2133 766 2208 evellere,
783 2136 875 2209 atque
890 2131 1045 2191 abolere-i
1172 2113 1173 2128 ¹

283 2227 330 2284 Tu
349 2225 414 2303 ipse
435 2227 521 2288 iuter
542 2227 616 2288 illos
636 2228 766 2299 ominem
782 2230 817 2286 tu
840 2226 905 2302 ipse
928 2229 995 2284 tam
1022 2219 1173 2298 necessarii

222 2317 355 2378 foederis
378 2320 514 2396 optimus
543 2321 728 2384 conciliator
752 2323 848 2396 atque
876 2320 990 2377 eluctor
1015 2336 1085 2380 esse
1104 2319 1173 2393 pelvi

223 2413 263 2473 ad
284 2412 339 2472 Dei
360 2431 506 2487 eausam,
531 2415 751 2491 propriamque
770 2412 907 2474 omnium
930 2415 1080 2472 vostrum
1102 2405 1173 2490 tou-l

224 2509 306 2580 dam,
322 2507 558 2584 coniunctisque
574 2508 695 2568 viribus
709 2507 979 2584 propugnandam.
1041 2560 1044 2564 ,
1172 2503 1173 2512 ’

283 2591 412 2660 Minime
434 2600 611 2678 praeterire
632 2599 802 2677 potuimus,
823 2597 984 2659 carissime
1007 2598 1044 2658 in
1066 2595 1160 2660 Christo

224 2693 289 2754 Fili
309 2696 437 2767 Noster,
463 2713 533 2754 oum
559 2698 662 2754 tecum
684 2711 777 2772 agere
802 2691 1034 2768 susceperimus
1049 2694 1085 2751 de
1099 2701 1161 2748 reon·

224 2791 362 2862 peranda
386 2807 442 2866 per
467 2794 564 2858 tuam
578 2788 801 2850 auctoritatem
822 2789 942 2851 Nostra
960 2787 993 2845 in
1019 2785 1119 2846 Gallie
1134 2779 1164 2836 dl·

226 2882 323 2955 tione,
340 2885 414 2961 quin
436 2886 515 2962 quod
536 2885 636 2945 multo
649 2887 714 2946 Nos
735 2884 836 2962 magis
854 2867 1011 2955 sollicitat
1025 2887 1115 2958 atque
1128 2893 1162 2935 en·

227 2978 291 3056 git,
314 2979 412 3056 ipsam
438 2980 497 3040 tibi
523 2979 707 3056 religionem
734 2979 1002 3047 commendemus,
1029 2993 1090 3036 non
1109 2965 1163 3047 qnod

227 3072 406 3133 ullomodo
434 3074 612 3134 dubitemus
637 3074 676 3134 de
700 3074 881 3149 praestante
898 3070 1008 3130 'animo
1036 3074 1108 3136 tuo,
1128 3059 1163 3121 md

228 3168 266 3226 ut
290 3169 323 3226 et
345 3167 467 3228 muneri
487 3169 603 3230 Nostro
625 3165 864 3237 satisfaciamus,
880 3172 910 3225 et
930 3165 992 3224 tibi
1014 3165 1083 3222 iam
1095 3169 1165 3236 pror

228 3264 330 3334 clara,
346 3271 440 3339 teque
457 3263 563 3340 digna
581 3261 731 3338 epitecti
744 3261 893 3329 consiliu,
907 3273 1026 3329 omnes,
1039 3255 1167 3333 quantun

229 3353 363 3416 aNobis
383 3358 443 3428 est,
457 3356 495 3414 ad
517 3371 625 3415 reram
647 3352 780 3430 gloriam
804 3350 951 3411 stimulos
972 3349 1162 3424 adiungamus

288 3452 334 3510 Ac
357 3451 393 3510 ut
416 3450 515 3528 magis
537 3448 709 3528 propitium
731 3445 950 3523 foventemque
974 3431 1166 3520 inceptionis
