2456 4192
425 211 464 226 -
484 179 525 240 59
546 212 584 227 -

32 287 89 360 illo,
103 304 161 364 qno
175 285 353 364 fungimur,
366 285 538 364 Apostolici
553 285 643 346 offleii
660 303 800 360 munere,
818 285 982 349 declarare

34 397 169 457 cogamur
191 379 409 440 schismaticos
431 379 525 441 simul
547 399 614 442 esse
637 387 701 443 tem
723 397 789 452 eos,
804 380 856 458 qui
872 380 987 442 confir·

33 483 119 551 mant,
139 495 233 557 quam
256 497 309 537 eos
330 478 382 556 qui
404 477 644 552 confirmantur,
661 477 840 555 nulliusque
861 476 985 538 roboris

33 573 144 633 futuros
158 573 231 634 illos
243 579 334 633 actus
347 589 465 645 omnes,
477 572 517 631 ab
531 575 664 650 utroque
677 571 871 650 prodituros,
883 571 986 632 veluti

34 667 100 728 alias
118 665 182 727 iem
197 664 429 726 declaravimus
441 665 567 726 Nostris
578 665 714 726 Litteris
728 666 766 725 ad
782 663 987 726 carissimum

36 763 61 820 in
77 761 202 822 Christo
223 758 343 820 Filium
357 759 509 820 Nostrum
524 758 717 820 Ludovienm
733 757 911 820 (talliarum
926 760 988 820 Re-

39 873 93 932 gem
111 851 431 922 christianissimum,
446 855 481 912 et
494 853 532 912 sd
547 851 805 931 Archiepiscopos
827 853 989 940 Burdoga·

38 948 154 1021 lensem,
173 965 210 1008 ac
228 945 436 1007 Viennensem
457 946 541 1005 datie
557 947 628 1018 v11,
645 949 677 1005 et
693 948 736 1007 VI
754 948 826 1008 Idus
841 946 901 1008 lul.
915 963 990 1024 pro·

36 1045 106 1101 xime
129 1040 300 1120 praeteriti
324 1039 421 1113 anni,
447 1043 481 1100 et
507 1039 608 1099 veluti
635 1039 733 1100 latius
759 1039 920 1118 responsio
948 1040 986 1100 ad

33 1135 189 1213 Episcopus
202 1136 321 1196 Nostra
333 1132 516 1212 quantocius
529 1133 695 1211 proditura
708 1133 891 1211 explicabit.

85 1229 115 1289 Si
131 1230 180 1288 Tu
194 1227 260 1305 ipse
283 1245 396 1287 novum
411 1226 579 1288 instituere
593 1227 778 1304 Episcopum
793 1226 918 1304 impune
934 1227 990 1287 de·

35 1323 188 1394 troctasti,
211 1321 237 1382 si
258 1321 340 1382 idern
356 1324 405 1383 tot
425 1321 483 1383 alii
497 1321 642 1400 Collegae
658 1321 719 1380 'Eui
741 1320 988 1398 praestiterunt,

36 1416 60 1474 si
78 1415 261 1492 praesertim
281 1409 451 1495 Episcopus
463 1418 679 1478 Rhodouensis
701 1435 761 1479 non
781 1417 879 1478 solum
902 1433 991 1478 recu·

39 1507 110 1566 savit
121 1525 237 1568 novum
251 1508 436 1586 Episcopum
451 1507 721 1586 Oorosopiteusem
737 1509 920 1582 instituere,
936 1508 990 1569 sed

46 1599 126 1659 etiam
146 1603 237 1662 docta
265 1601 416 1680 gravique
438 1603 580 1664 oratioue
610 1605 825 1665 demonstrare
853 1600 991 1679 suscepit

46 1692 198 1754 novitatem
231 1694 408 1754 huiusmodi
435 1713 454 1754 a
481 1695 586 1756 veteri
614 1695 783 1774 disciplina
807 1696 991 1768 abhorrere,

42 1802 108 1861 quse
118 1791 189 1847 ante
204 1787 399 1848 concordata
414 1787 554 1866 vigebat3
570 1790 597 1849 si
619 1792 785 1868 praeterea
797 1806 903 1849 omnes
925 1787 992 1846 iere

40 1878 168 1958 Episcopi
181 1879 402 1942 abstinendum
424 1899 491 1941 esse
506 1885 660 1960 putarunt
680 1900 795 1961 magua
808 1880 906 1943 animi
919 1898 994 1940 con·

41 1975 156 2048 stantia,
176 1992 246 2036 cum
269 1994 287 2036 a
308 1975 377 2035 iure
398 1975 531 2038 iurando
552 1977 760 2055 praestando,
783 1981 850 2037 tum
871 1993 890 2036 a
912 1991 993 2036 nova

43 2066 256 2130 Constitutione
278 2071 474 2148 exsequenda
495 2069 526 2129 in
549 2069 588 2130 iis
609 2070 764 2149 partibus,
780 2087 858 2148 ques
880 2069 917 2128 ad
939 2085 994 2128 uu·

43 2161 207 2222 cleritatem
228 2161 473 2224 ecclesiasticam
491 2163 665 2241 pertinent,
680 2163 800 2241 liquido
818 2165 909 2241 patet
927 2161 995 2223 lon-

40 2271 70 2330 ge
89 2274 152 2316 eum
175 2257 398 2317 necessitatem
419 2257 544 2331 abesse,
567 2275 646 2334 quae
669 2275 749 2318 nunc
772 2257 843 2318 Tibi
865 2256 994 2318 videtur

39 2346 211 2423 imminere,
225 2353 261 2411 et
280 2367 377 2428 quae,
391 2350 517 2410 etiamsi
539 2351 674 2411 maxime
693 2352 835 2424 adesset,
858 2350 995 2411 liberare

40 2442 180 2502 neminem
203 2446 311 2520 posset
324 2443 362 2504 ab
384 2443 423 2503 iis
438 2460 601 2503 munerum
616 2443 764 2517 vinculis,
779 2443 891 2521 quibus
912 2443 996 2520 quis·

42 2552 87 2608 que
106 2553 182 2614 erga
196 2537 311 2607 Deum,
328 2541 361 2596 et
375 2553 452 2613 erga
465 2535 637 2598 Ecclesiam
651 2537 882 2615 obstringitur3
897 2536 993 2596 immo

45 2627 175 2690 deberent
197 2629 295 2690 animi
316 2630 349 2689 iu
371 2631 546 2690 huiusmodi
562 2633 749 2708 praestando
770 2629 868 2690 officio
883 2628 995 2689 maiori

42 2723 207 2783 constantia
226 2722 373 2794 retineri,
388 2741 480 2800 seque
503 2729 678 2800 promptos,
701 2742 737 2784 ae
758 2730 886 2801 paratos
905 2719 996 2780 exhi·

39 2813 104 2874 bere
122 2817 188 2877 sive
202 2817 241 2877 ad
256 2816 446 2876 subeundam
467 2815 574 2878 exsilii
594 2834 745 2894 poenam,
765 2817 833 2876 sive
853 2816 890 2876 ad
913 2814 994 2874 alias

41 2907 121 2969 huius
140 2907 259 2970 saeculi
274 2926 440 2970 aerumnas
461 2909 673 2985 perferendas.

94 3003 162 3069 Quis
184 3003 267 3064 enim
289 3020 349 3062 non
368 3002 476 3062 videet
495 3002 758 3064 constitutionem
779 3001 994 3071 Nationalem,
1063 2998 1070 3012 '

43 3093 105 3155 dum
124 3097 306 3158 libertatem
330 3094 485 3172 relinquit
507 3093 636 3169 homini,
652 3113 689 3156 ea
709 3113 788 3173 quae
810 3094 890 3155 velit
910 3094 999 3173 cogi·

42 3189 130 3264 tendi,
146 3195 180 3252 et
200 3188 356 3250 scribendi
379 3191 416 3249 de
438 3189 583 3249 rebusad
605 3187 804 3266 Religionem
827 3187 998 3265 spectanti·

43 3277 105 3352 bns,
118 3283 291 3359 praefracte
311 3299 381 3342 cum
394 3281 562 3358 Religioue
579 3281 646 3358 ipsa
659 3287 811 3360 pugnare3
828 3281 900 3339 dum
921 3295 998 3339 vero

43 3375 89 3432 tot
106 3375 180 3436 alias
201 3377 360 3437 novitates
380 3374 514 3448 inducit,
530 3372 672 3434 funditus
693 3379 838 3434 evertere
860 3372 996 3434 auotori-

46 3469 136 3526 tetem
155 3469 324 3542 Ecclesiae,
339 3468 466 3545 eiusque
487 3465 554 3526 iere
568 3465 673 3526 omnia
694 3466 765 3528 iura
786 3463 1000 3543 pessumdare?
