2386 4194
593 183 775 242 -no-

201 288 400 349 enunciatam
422 288 595 350 clausulam
623 293 713 350 sulco
733 290 848 350 ordine
869 307 938 350 suo.
953 291 982 349 A
1004 289 1112 366 prImo
1135 291 1169 349 ad

202 384 349 443 ultImum
363 386 469 459 caput,
482 382 567 442 inter
577 401 610 442 se
631 384 722 459 plane
737 382 939 443 consentiunt
952 382 1093 459 improbi
1109 386 1172 442 tam

201 479 391 550 Conventus,
404 494 497 553 quam
518 477 647 537 Henrici
668 477 766 554 Regis
780 481 921 537 conatus.
933 479 978 537 At
994 494 1057 535 non
1074 476 1173 535 solum

99 559 102 570 ¹
202 575 382 634 Conventus
403 569 465 630 iste
485 571 656 630 Hauricum
669 572 710 644 Il,
733 573 784 631 sed
801 571 945 630 imitatus
959 574 1009 629 est
1023 571 1106 630 VIII
1129 572 1175 628 et·

202 667 277 739 iam,
293 665 430 742 quicum
445 665 504 724 sibi
514 664 672 726 Ecclesiae
685 664 877 741 Anglicanae
892 664 1068 746 primatum
1082 681 1173 722 usur·

201 763 325 838 passet,
348 776 468 819 omnem
484 775 552 819 eam
566 761 767 836 potestatem,
784 758 816 817 in
832 758 1041 819 Cromwelem
1057 759 1175 818 Zuvin-

203 857 343 935 glianum
355 852 540 925 transtulit,
562 871 693 930 eumque
708 854 870 914 Vicarium
884 870 973 913 suum
989 852 1174 931 generalem

200 951 286 1011 circa
307 947 488 1025 spiritualia
508 947 701 1020 declaravit,
723 947 783 1025 ipsi
796 947 1014 1007 visitationem
1030 947 1174 1006 omnium

201 1043 304 1120 Regni
325 1041 542 1102 coenobiorum
563 1042 782 1116 committens3
798 1046 892 1119 atque
913 1041 941 1101 is
961 1060 982 1100 a
1002 1041 1173 1101 coniuncto

203 1137 274 1211 sibl,
297 1153 486 1214 prorsusque
507 1135 721 1196 consentiente
733 1137 903 1197 C'raumero
917 1135 1016 1195 amico
1037 1154 1112 1209 auo,
1128 1134 1172 1195 lu·

203 1229 387 1294 strationem
409 1248 477 1289 eam
499 1229 607 1306 peragi
622 1228 654 1288 in
677 1247 733 1288 sua
754 1221 917 1305 provincia
937 1228 1028 1302 fecit,
1046 1247 1170 1288 omnem

203 1327 382 1405 impendens
396 1341 516 1394 curam,
525 1324 561 1382 ut
574 1322 813 1382 Ecclesiasticus
828 1321 887 1381 iste
899 1321 997 1400 Regis
1011 1321 1169 1397 prImatus

203 1415 414 1488 stabiliretur,
428 1415 461 1474 ln
483 1431 580 1490 eoque
593 1418 733 1490 potestas
754 1413 854 1472 omnis
875 1412 978 1489 posita
992 1430 1063 1472 esse
1079 1431 1164 1492 agno-

202 1514 356 1584 sceretur,
379 1527 470 1586 quam
490 1507 630 1569 Ecclesia
651 1524 671 1566 a
690 1506 769 1568 caeli
788 1509 874 1584 Rege
895 1506 1023 1568 Christo
1038 1509 1167 1568 Domino

203 1605 263 1666 sibi
285 1607 408 1665 tautum
430 1600 626 1662 commissam
640 1604 828 1678 receperat.
851 1603 918 1662 Hae
944 1602 1033 1678 ipsae
1057 1603 1171 1663 visita·

202 1699 304 1758 tiones
318 1696 550 1774 peragebantur
570 1711 626 1770 per
640 1694 904 1755 Mouasteriorum
918 1697 1171 1773 suppressiones,

202 1793 448 1869 sacrilegamque
469 1791 620 1849 bonorum
641 1788 927 1850 ecclesiasticorum
947 1791 1172 1867 depraedatio·

203 1908 291 1962 nem,
314 1890 481 1966 eodemque
510 1891 651 1963 tempore
673 1885 758 1946 etin
780 1889 955 1948 Romanum
983 1888 1170 1948 Pontificem

202 1984 282 2056 odio,
299 1986 333 2042 et
353 1982 513 2043 habendae
533 1981 655 2040 alienae
676 1979 724 2038 rei
745 1979 928 2057 cupidItati,
944 1983 1041 2057 atqua
1063 1983 1171 2044 avari·

202 2077 265 2138 tiae
288 2074 472 2136 satisfiebat.
490 2076 533 2134 Ut
546 2077 615 2133 tum
629 2073 782 2133 Henricus
798 2074 872 2133 VIII
890 2073 1073 2149 simulavit,
1092 2077 1169 2136 nibil

201 2171 286 2232 aliud
308 2170 340 2228 in
361 2168 552 2228 sacramenti
579 2166 715 2228 formula
735 2167 897 2245 Episcopis
919 2171 1075 2247 propositi
1101 2192 1170 2232 con·

202 2264 312 2337 tinerI,
336 2262 394 2322 nisi
415 2262 553 2336 civilem,
570 2265 603 2323 et
624 2263 813 2323 saecularem
835 2265 1061 2340 obedientium,
1086 2286 1127 2326 ac
1140 2267 1167 2326 fi·
1191 2263 1192 2268 ’

203 2357 378 2428 delitatem,
401 2374 471 2415 cum
492 2373 607 2416 revera
626 2355 829 2417 abolitionem
850 2358 1038 2418 PontificIae
1059 2365 1168 2420 aucto·

201 2449 311 2510 uitatis
331 2449 526 2518 includeret;
547 2449 595 2510 ita
616 2467 698 2509 nunc
719 2451 905 2528 praevalens
926 2452 1071 2513 Gallicus
1094 2457 1191 2516 Con·¹

202 2546 316 2604 ventus
342 2543 517 2620 praefigens
545 2560 601 2602 suo
627 2543 677 2603 illi
704 2547 839 2604 Decreto
868 2545 1001 2606 titulum
1024 2548 1122 2608 ‹Sur
1140 2549 1170 2607 la

201 2635 448 2699 »Constitutiou
469 2635 563 2695 clvile
591 2638 631 2696 du
653 2636 792 2714 Clergea
813 2637 877 2716 (I),
900 2656 1014 2700 revera
1045 2658 1168 2699 omnem

201 2729 321 2808 Capitis
333 2729 492 2791 Ecclesiae
506 2731 697 2806 potestatem
712 2732 892 2809 abrogavit,
909 2734 1081 2811 prohibens
1096 2734 1169 2811 Epi·
1189 2789 1190 2829 ,

202 2825 313 2901 scopis,
329 2841 368 2882 ne
387 2823 467 2884 alias
487 2823 654 2886 Nobiscum
675 2828 783 2900 partes
804 2830 1008 2903 peragerent,
1023 2846 1121 2905 quam
1137 2829 1169 2885 ut

201 2918 267 2978 Nos
287 2934 407 2990 eorum,
423 2935 502 2992 quae
522 2915 585 2977 iam
607 2917 673 2977 siue
693 2918 792 2980 Nobis
812 2923 895 2994 acta,
911 2921 1105 2999 expletaque
1120 2939 1189 2980 es-¹

202 3015 284 3084 sent,
307 3012 449 3070 Iacerent
469 3010 631 3072 certiores.
652 3011 727 3078 Quis
747 3012 806 3072 illa
826 3015 1005 3075 Conventus
1027 3015 1189 3083 membral

202 3103 234 3161 in
256 3103 360 3163 animo
382 3106 449 3163 tum
471 3102 615 3163 babuisse
637 3121 697 3163 non
719 3104 894 3180 existimet,
913 3105 1034 3184 sibique
1058 3123 1169 3184 propo·

202 3195 301 3256 suisse
312 3197 488 3273 adoptando
498 3197 530 3255 in
543 3215 600 3258 sua
608 3197 840 3260 Constitutione
849 3201 985 3278 Angliae
999 3204 1125 3278 Regum
1139 3199 1169 3258 II

203 3292 237 3348 et
257 3290 332 3350 VIII
350 3291 481 3350 Henrici
502 3293 654 3352 Decretal
669 3293 764 3353 Secus
785 3293 879 3367 enim,
895 3313 956 3371 qua
970 3295 1098 3356 ratione
1112 3308 1169 3350 ax·

203 3399 341 3482 pressam
362 3384 474 3444 horum
501 3384 634 3444 formam
656 3387 779 3463 assequi
800 3387 994 3464 potuissentl
1015 3388 1098 3448 Illud
1119 3387 1170 3442 ta·

265 3499 300 3552 (1)
317 3517 330 3538 u
341 3499 423 3556 Super
438 3499 623 3548 Constitutione
640 3501 712 3550 clvlli
729 3502 820 3551 Cleri.»
