2498 4200
453 193 672 255 -215-

57 299 214 360 Praefecti
238 303 428 364 relationem
455 302 541 364 dicto
561 289 722 366 Ludovico
743 302 874 377 loanni,
893 302 945 362 nti
963 303 1041 364 'Vi--

57 394 136 454 cario
157 397 346 474 capitulari
365 398 539 477 praedicto,
561 401 725 477 sequentes
745 398 916 460 facultates
936 397 1025 457 beni·

56 501 109 562 gne
128 491 306 552 con-cessit.

107 582 136 641 l.
152 585 358 646 Absolvendi
378 586 419 646 ab
439 584 581 646 omnibus
595 581 718 645 casibus
732 584 806 644 Sedi
821 582 1022 662 spostolicae

52 677 244 752 reservatis,
267 679 362 740 etiam
384 679 541 740 contentis
563 679 596 738 in
618 677 754 739 Litteris
777 678 915 738 eiusdem
930 673 1022 738 SSriii

52 770 102 828 nub
122 771 177 831 die
205 773 250 832 13
270 773 391 851 Aprilis
413 775 490 837 1791
512 775 593 852 apud
609 776 758 835 Sanctum
772 775 906 833 Petrum
927 788 1023 848 expe-

51 862 142 938 ditis3
167 883 234 926 nec
255 886 317 927 non
338 867 463 946 pariter
477 867 676 946 dispensandi
691 885 785 944 super
798 865 1021 944 irregularita-

51 955 141 1032 tibns,
166 959 236 1021 illa
257 964 361 1021 tamen
383 964 537 1038 excepta,
559 969 637 1038 quae
659 978 699 1020 ex
719 960 887 1040 homicidio
908 959 1023 1020 volun·

51 1049 127 1109 turio
149 1054 376 1128 contrahitur,
399 1054 532 1132 aliisque
552 1057 737 1133 praeterea,
759 1072 837 1131 quae
858 1054 897 1114 ad
918 1053 1021 1112 forum

52 1146 289 1207 contentiosum
310 1148 373 1207 iem
395 1149 557 1223 deductae,
577 1149 632 1210 uel
652 1147 795 1226 proxime
811 1147 1019 1219 deducendae,

51 1241 100 1298 unt
120 1259 210 1317 qnae
234 1242 282 1303 ita
304 1243 445 1304 notoriae
466 1247 562 1318 sunt,
586 1243 731 1304 utnulla
753 1240 1021 1319 tergiversatione

53 1333 145 1412 celari
167 1337 307 1412 possint.

105 1430 136 1490 2.
155 1430 375 1491 Promovendi
396 1431 511 1509 absque
533 1448 684 1491 concursu
705 1447 762 1508 per
783 1429 957 1507 simplicem
982 1426 1022 1487 li·

53 1518 167 1583 bellum
185 1526 259 1585 sola
272 1543 365 1586 manu
387 1525 524 1585 eiusdem
538 1524 659 1584 Vicarii
678 1524 869 1601 Capitnlaris
884 1522 1021 1584 subscri·

57 1617 148 1690 ptum,
173 1619 366 1679 Sacerdotes
387 1617 561 1680 saeculares
575 1621 612 1679 ad
628 1617 779 1678 beneficia
793 1619 921 1689 curata,
941 1634 1020 1694 quae

58 1707 124 1768 olim
146 1711 183 1770 in
201 1731 356 1774 concursu
378 1713 514 1774 obtineri
528 1714 683 1786 solebant,
698 1729 768 1772 oum
789 1710 963 1787 contigerit
983 1728 1021 1770 ea

57 1819 165 1868 secare
188 1809 245 1868 vel
267 1827 325 1887 per
345 1811 488 1882 obitum,
511 1827 565 1869 sen
587 1827 643 1887 per
663 1807 840 1886 legitimam
864 1803 1020 1864 dimissio-

59 1912 118 1958 nem
140 1901 184 1961 ab
206 1919 244 1961 eo
265 1903 476 1978 acceptatam:
500 1902 662 1962 dummodo
676 1901 805 1978 praevio
819 1898 962 1960 examine
978 1899 1017 1957 ad

60 1987 186 2054 formem
210 1995 285 2070 Gap.
302 1996 377 2055 XIII
391 1995 472 2055 Sess.
490 1996 549 2056 VII
563 1996 654 2056 Gonu.
671 1993 817 2055 Trident.
833 1994 872 2052 dc
883 1995 1017 2070 retem.

63 2079 155 2145 bonci
178 2088 402 2164 reperiantur,
424 2091 458 2148 et
486 2089 552 2147 sine
573 2087 763 2165 praeiudicio
787 2089 1016 2158 Patronorum,

63 2181 213 2249 qnatenus
233 2179 349 2241 adsint.

110 2273 142 2332 3.
167 2273 375 2351 Dispensandi
403 2291 472 2336 cum
494 2275 643 2335 Perochis
663 2274 815 2348 intrusis,
839 2278 875 2334 nt
895 2272 1017 2334 habiles
1129 2325 1146 2336 ..

61 2378 90 2422 eo
108 2359 217 2428 idonei
238 2367 318 2427 flant
338 2370 377 2429 ad
398 2368 596 2429 retinendum
622 2367 701 2429 illud
722 2369 804 2428 idem
825 2368 1016 2429 Beneficium

60 2457 231 2534 (iuratum,
255 2461 333 2538 qnod
356 2461 473 2523 iniuste
496 2466 708 2541 occuparunt,
730 2463 783 2522 uel
811 2463 897 2523 aliud
920 2463 1016 2539 qnod·

61 2552 136 2627 piam
158 2556 306 2632 deinceps
329 2559 527 2631 vacaturum,
550 2556 576 2616 si
597 2559 703 2617 tamen
725 2557 825 2628 certa,
841 2557 875 2614 et
888 2554 1017 2614 indubie

61 2644 201 2710 dederint
222 2649 436 2726 poenitentiae
457 2652 559 2728 signa,
581 2655 615 2713 et
636 2649 782 2712 causeum
802 2650 1015 2710 iuramentum

60 2741 178 2824 stipsis
191 2748 337 2808 emissum
351 2750 454 2827 palam
467 2754 500 2810 et
510 2749 632 2827 publice
643 2746 905 2810 retractaverint.
919 2747 1015 2823 quue

59 2835 88 2895 11¹
108 2859 182 2903 casu
205 2844 403 2904 necessitatis
431 2848 578 2920 tentum,
601 2863 637 2905 ac
665 2845 753 2906 salvo
782 2844 851 2904 iure
878 2839 1016 2918 legitimi

62 2926 203 3011 Parocbi,
225 2937 252 2996 si
272 2937 373 2998 luerit
392 2941 562 3016 superstes.

112 3032 144 3090 4.
159 3030 365 3107 Dispensandi
386 3049 455 3090 cum
471 3031 586 3091 eisdem
600 3032 734 3092 intrusis
752 3049 846 3109 super
859 3028 1015 3090 fructibus

62 3116 211 3184 Bonorum
238 3124 530 3186 Ecclesiastioorum
558 3127 640 3187 mele
668 3127 844 3204 perceptis,
871 3124 1015 3184 iniuncta

59 3211 159 3293 eliqua
179 3218 389 3298 eleemosyna,
405 3225 439 3281 et
459 3222 547 3282 salvo
567 3221 637 3281 iure
651 3223 804 3282 interesse
817 3219 1012 3281 habentium.

114 3309 144 3372 5.
160 3311 365 3389 Dispensandi
378 3314 417 3373 ab
431 3313 724 3392 irregularitatibus
738 3316 775 3375 ad
796 3331 902 3374 omnes
916 3312 1014 3375 etiam

61 3395 165 3464 Sacros
185 3404 318 3464 Ordines
338 3405 558 3484 suscipiendos,
574 3411 706 3485 excepta
727 3409 850 3468 tantum
871 3405 1024 3490 Bigamia

65 3505 143 3570 sera,
166 3513 223 3556 neo
243 3513 303 3556 uon
319 3515 337 3558 a
352 3498 474 3559 delectu
496 3499 612 3564 aetatis
633 3500 725 3560 unius
750 3499 823 3562 anni
837 3501 874 3560 ed
891 3500 1013 3560 eosdem
