2364 4198
606 261 645 276 ..
666 230 728 291 252
748 259 787 274 ..

600 375 717 436 Recita
740 373 796 454 (1).

276 519 342 586 Quo
356 538 432 581 vero
447 520 621 581 firmiorem
636 521 701 580 rim
717 537 772 580 sua
791 520 922 581 haberet
935 517 1104 589 abdicatio,
1120 535 1165 576 non

217 612 324 672 omiuit
345 612 520 674 Lomcmus
541 614 709 675 certiorem
731 613 835 673 lacere
848 631 954 692 regem
969 630 1027 690 per
1043 611 1109 671 eins
1122 613 1167 671 Ad

216 706 417 778 ministrum,
441 727 531 785 quem
553 708 703 788 rogavit,
727 709 764 767 ut
784 708 956 785 Epistulam
977 704 1167 768 abdicationis

216 805 255 864 ad
276 805 342 866 Nus
363 805 509 868 mitteret
523 806 581 886 (2),
598 810 694 885 prout
708 823 823 865 revera
837 807 875 866 ab
888 824 924 865 eo
939 803 1039 865 missa
1053 804 1122 875 fuit,
1134 803 1166 862 itu

218 900 256 958 ut
283 898 400 976 ambigi
428 918 558 978 prorsus
586 904 720 978 nequeat
742 902 781 961 de
802 901 863 960 fide
884 899 978 960 huius
999 897 1165 976 Epistulae,

217 990 306 1050 cuius
327 993 563 1068 characterem,
581 1011 618 1054 ac
639 993 782 1071 signum,
802 996 839 1053 ut
860 991 950 1052 nulla
970 991 1081 1052 cautio
1100 990 1166 1048 dees·

195 1087 289 1158 sat,
312 1086 506 1162 probandum
535 1086 599 1146 rite
627 1087 808 1146 curavimus
837 1102 943 1145 coram
972 1085 1093 1144 dilecto
1117 1080 1164 1140 filio

216 1181 315 1242 Petro
341 1181 488 1258 Niprouo
514 1183 755 1258 protonotario,
782 1179 1027 1243 et'consistorii
1055 1181 1164 1240 secretu·

217 1273 266 1333 rio
281 1273 337 1352 (3).
360 1275 429 1336 Non
451 1274 560 1334 omisit
588 1274 685 1336 etiam
706 1275 880 1336 Lomcuius
905 1275 1040 1333 eandem
1069 1271 1159 1332 abdiu·

218 1365 315 1427 tionis
335 1367 509 1444 Epistolam
537 1386 594 1444 per
615 1369 798 1429 universum
827 1368 960 1444 regnirm
987 1365 1081 1444 typis
1100 1361 1156 1451 erut·

219 1475 310 1536 gare,
325 1478 386 1536 quo
409 1461 552 1521 omnibus
572 1461 801 1534 innotesceret,
818 1479 850 1521 se
871 1460 1115 1522 cardinalitium
1130 1455 1160 1516 ab

219 1551 336 1610 dicasse
350 1552 539 1629 dignitatem
557 1555 614 1633 (4),
631 1554 678 1614 ita
700 1557 737 1614 ut
750 1554 890 1614 cuiusvis
904 1553 1029 1612 ordinis
1051 1550 1161 1612 hominu

220 1646 316 1704 testes
337 1644 402 1705 sint
417 1645 661 1723 locupletissimi
676 1647 713 1705 de
728 1645 825 1723 ipsius
840 1644 956 1705 efficaci
971 1649 1119 1720 certaque
1129 1657 1164 1698 u·

218 1735 342 1802 luntate
370 1737 600 1798 cardinalatum
630 1737 830 1812 dimittendi,
853 1739 950 1814 prout
975 1737 1077 1798 etiam
1097 1735 1162 1794 iden

219 1829 346 1889 minime
367 1831 492 1892 dubiam
514 1831 635 1892 faciunt
651 1831 874 1910 Episcoporum
887 1831 1033 1906 litterae,
1050 1837 1084 1891 et
1096 1833 1162 1898 Acta,

219 1941 297 1999 quae
319 1924 431 2000 ubique
452 1924 733 1985 circumferuntur.
817 1910 819 1916 ¹

280 2013 343 2074 Vix
364 2017 402 2074 ad
422 2015 487 2076 Nos
508 2015 655 2092 parvenit
673 2015 823 2080 Lemouii
836 2014 980 2093 Epistola
993 2016 1034 2074 de
1049 2031 1103 2074 sua
1115 2025 1163 2070 car·

219 2105 377 2168 dinalatus
398 2107 616 2181 abdicatione,
639 2107 850 2185 potuissemus
877 2107 1004 2183 quidem
1032 2106 1101 2166 sine
1119 2101 1161 2162 ullu

219 2217 306 2260 mora
327 2199 414 2260 illam
436 2182 658 2278 approbatione
678 2202 797 2263 Nostra
812 2201 983 2274 roborare,
998 2201 1055 2260 sed
1070 2213 1159 2260 aman·

219 2292 394 2354 suetudinis
413 2289 527 2354 semita
547 2293 648 2354 adhuc
670 2313 731 2353 non
754 2296 901 2354 recedere
922 2293 986 2354 rati
1009 2287 1155 2364 sumus,ut

219 2384 363 2471 adillum
378 2387 477 2446 denuo
492 2386 668 2446 cohortatio
680 2387 800 2448 Nostra
813 2384 982 2463 pervenire
999 2389 1154 2462 possetrtt

218 2495 311 2554 quam
337 2481 377 2539 ad
405 2478 546 2540 saniores
571 2480 775 2540 induceretur
796 2497 925 2551 sensus,
949 2478 982 2538 in
1004 2479 1046 2538 iis
1068 2475 1159 2538 scilicet

217 2568 356 2645 litteris,
379 2589 455 2648 quas
482 2572 575 2648 paulo
604 2577 673 2650 post
701 2572 841 2632 dedimus
872 2571 996 2631 dilectis
1024 2571 1101 2631 filiis
1118 2569 1158 2628 lto·

220 2664 295 2724 stris
316 2664 348 2724 S.
366 2665 407 2726 R.
421 2665 457 2724 Ε.
479 2665 717 2733 Cardinalibus,
738 2669 772 2726 et
793 2667 862 2726 VV.
879 2663 1036 2726 iratribus
1056 2659 1162 2725 Archio-

280 2791 317 2846 (1)
332 2790 448 2837 Recitata
463 2790 551 2837 statim
566 2791 682 2838 humenti
698 2790 814 2849 Epistola
830 2789 893 2845 droit,
910 2801 975 2847 quae
990 2790 1035 2836 hic
1051 2789 1159 2838 omitum.

221 2879 279 2914 unm
293 2865 345 2913 iem
359 2864 455 2936 publici
471 2865 536 2912 iuris
556 2866 627 2914 lectu
645 2865 680 2912 eit
690 2865 760 2924 typis
770 2863 958 2912 Parisiennibne
967 2863 996 2910 in
1005 2864 1081 2919 libro,
1093 2862 1128 2910 cni
1135 2859 1160 2905 11·

220 2941 299 2988 tulna:
320 2937 506 2988 Observationes
524 2953 573 2987 eur
591 2939 618 2988 lc
636 2937 711 3001 Bref
729 2937 766 2986 du
788 2937 864 3001 Pupc
876 2933 893 2984 d
905 2936 993 2986 Mom-
1005 2939 1033 2985 lc
1053 2931 1160 2986 Ourdiuul

220 3015 252 3065 cc
262 3014 398 3076 Lomento,
414 3016 430 3064 d
444 3016 517 3064 Paris
535 3017 597 3064 chen
618 3015 721 3063 Frunlle
741 3014 1033 3074 Imprtmouu-nibroire,
1055 3013 1116 3070 Quoi
1131 3010 1160 3056 du

220 3093 361 3152 Augustino
379 3093 489 3142 119111
497 3093 547 3140 tine
562 3105 621 3153 pag.
633 3095 656 3141 1.
667 3094 693 3140 et
702 3088 899 3150 ceo-Edam
913 3088 946 3137 in
957 3089 1082 3153 Appccd.
1099 3084 1158 3136 butu

221 3168 321 3216 volum.

281 3248 318 3301 (a)
334 3245 382 3294 cit.
393 3245 438 3292 ltb.
454 3242 639 3293 Observatiocm
655 3256 704 3290 eur
719 3242 746 3290 lc
756 3239 830 3303 Bres
840 3239 878 3290 du
890 3239 973 3304 Papa,
989 3241 1018 3288 ln
1028 3241 1076 3289 dno
1084 3250 1134 3298 paz·
1143 3235 1157 3280 5·

172 3327 175 3334 '
281 3321 317 3388 (β)
332 3322 504 3368 matroneum
519 3318 571 3366 diet
581 3319 618 3367 19.
631 3318 786 3378 Septembris
807 3318 876 3366 1791.
894 3329 941 3377 par
955 3318 1043 3364 'rmtea
1060 3313 1156 3362 nolonte

219 3401 306 3447 notam
320 3411 432 3456 manum,
444 3400 470 3448 et
479 3400 581 3457 riguum
596 3398 720 3446 humanit:
758 3377 771 3406 ¹

283 3477 318 3533 (t)
334 3475 391 3522 Diei
408 3475 446 3522 111.
465 3475 571 3534 Aprilis,
592 3472 769 3532 duodeviginti
784 3471 884 3521 scilicet
899 3471 958 3530 poet
972 3471 1028 3518 eine
1043 3463 1156 3517 anmato-

219 3564 277 3600 nem
287 3550 350 3601 dies.
364 3550 421 3602 vid.
436 3550 516 3612 Epist.
527 3543 608 3601 m.
621 3547 665 3598 Au
678 3545 853 3597 Gordianum
865 3543 897 3596 de
909 3542 1043 3606 Lumam'e,
1057 3553 1108 3603 pag.
1119 3537 1156 3586 111.
