2516 4196
250 337 340 399 effusi
365 332 629 404 multitudinem,
659 346 738 406 quae
767 325 893 405 proruit
919 325 958 387 ed
987 326 1157 402 ineundis,
1192 330 1238 388 ad

249 430 396 509 rupinus,
413 427 451 488 nd
474 423 629 502 supplicio
648 420 947 499 interfectionesque
968 419 1106 495 oinium,
1123 440 1238 502 neque

251 524 354 587 ulium
374 519 528 598 relinquit
555 514 750 577 humanitati
770 515 891 589 looum3
914 516 1151 576 verumetiam
1177 536 1239 578 ve-

251 617 384 679 rendum
406 631 484 686 esse,
500 629 538 672 ne
559 610 661 688 magis
681 607 841 686 magisque
862 609 902 669 nd
923 607 988 670 ulie
1008 611 1238 687 perpetranda

250 711 392 773 iocinore
414 706 564 768 irritetur
576 706 610 764 et
623 703 825 764 aeoendetur.
841 703 946 779 Atque
960 704 1012 762 hio
1026 704 1115 764 uerte
1131 721 1240 781 prae-

250 807 373 869 olerum
394 801 492 864 Nobis
511 798 645 877 reliquit
669 799 887 858 documentum
912 796 946 858 S.
962 796 1140 875 Gregorius
1163 799 1240 860 Mn·

253 915 353 978 gnus,
383 913 444 955 non
469 909 592 971 semper
619 891 835 968 importunum
863 908 930 951 esse
958 890 1145 966 silentium,
1180 895 1239 954 sed

252 996 377 1070 tempus
404 986 542 1060 innuendi,
565 989 599 1046 et
626 987 751 1062 tempus
779 984 926 1063 loquendi
948 984 1173 1062 considerans,
1200 1007 1238 1050 ao

252 1087 340 1148 inter
361 1103 394 1145 se
407 1080 617 1158 distinguens,
634 1080 716 1139 huno
731 1079 764 1138 in
778 1078 903 1138 modum
916 1078 982 1139 Nos
995 1076 1151 1141 instruit:
1170 1083 1239 1142 No-

253 1183 302 1242 bis
323 1186 418 1240 caute
446 1174 636 1236 discendum
664 1180 725 1246 est,
747 1180 910 1250 quatenus
938 1189 972 1232 os
999 1172 1184 1234 discretum
1207 1186 1239 1238 et

253 1287 399 1350 conpr-uo
419 1277 560 1346 tempore
573 1284 640 1326 ooor
661 1268 810 1343 aperiat,
828 1274 859 1326 ot
871 1284 1004 1326 rursum
1018 1283 1167 1344 oonpruo
1185 1279 1239 1330 ta·

254 1367 434 1429 eitumitus
445 1362 582 1424 claudat
597 1358 654 1439 (1).
671 1359 752 1427 Quin
768 1360 864 1420 etium
880 1359 1078 1421 notissimum
1090 1365 1156 1437 est,
1175 1382 1237 1424 non

254 1457 358 1519 solum
380 1455 413 1516 S.
431 1453 639 1516 Athanasium
661 1453 808 1527 tenuisse,
831 1454 884 1513 sed
914 1453 1012 1515 etism
1033 1452 1240 1517 Alexandria

252 1548 445 1630 profugisse,
462 1565 532 1607 oum
553 1545 695 1606 excitate
707 1548 791 1607 esset
812 1546 1068 1624 persequentium
1090 1547 1239 1610 insectu-

253 1646 313 1707 tio.
344 1642 466 1705 Soribit
491 1641 593 1700 enim:
616 1640 664 1701 Ne
692 1643 743 1701 ita
767 1641 979 1717 praecipites,
1002 1650 1034 1702 et
1061 1647 1240 1704 temerarii

254 1739 375 1808 simus,
398 1743 437 1795 ut
458 1741 618 1796 tentemus
639 1731 818 1793 Dominum
838 1733 895 1812 (2).
911 1733 947 1792 Id
968 1733 1036 1811 egit
1056 1734 1089 1796 S.
1108 1737 1239 1816 Grego-

254 1832 323 1893 rius
345 1832 616 1906 Thaumaturgus,
637 1829 670 1886 et
684 1826 718 1888 S.
734 1825 904 1904 Dionysius
918 1826 1160 1908 Alexandrinus
1177 1831 1237 1910 (3);

254 1925 288 1986 id
310 1925 413 2002 ipsum
434 1923 549 1984 donent
567 1919 757 1998 peritissimi
772 1937 934 1980 sacrorum
955 1920 1111 1982 librorum
1127 1922 1240 1985 inter·

254 2023 372 2098 protes.

312 2114 357 2172 At
378 2126 490 2171 rerum
510 2111 561 2168 est
586 2107 696 2181 etiam,
715 2107 783 2167 eius
812 2105 988 2181 silentium,
1004 2108 1055 2168 oui
1083 2108 1237 2186 loquendi

251 2220 366 2265 munus
386 2205 436 2262 est
458 2201 651 2277 impositum,
668 2202 855 2278 perpetuum
873 2217 940 2260 esse
955 2219 1015 2260 non
1030 2200 1164 2278 debere,
1181 2204 1235 2264 sed

252 2296 441 2360 serrandum
464 2295 647 2372 usquedum
669 2293 776 2371 rumpi
789 2292 889 2372 possit
910 2293 977 2354 sine
993 2294 1140 2372 proprio,
1157 2296 1237 2358 alio·

251 2407 384 2467 rumque
405 2388 558 2468 perioulo;
579 2390 661 2468 quod
682 2405 722 2448 ex
744 2389 779 2449 S.
794 2389 956 2449 Ambrosii
981 2376 1090 2449 verbis
1119 2391 1236 2452 edisoi·

253 2503 342 2557 mus,
357 2501 428 2544 oum
450 2482 623 2544 scriberet:
649 2481 740 2560 Erpo
761 2481 873 2543 David
896 2485 1041 2556 tacebat,
1064 2498 1136 2543 non
1158 2501 1236 2545 seot-

250 2595 322 2658 per,
339 2579 394 2640 sed
410 2567 471 2655 pro
492 2585 650 2654 tempore,
674 2592 743 2636 oon
766 2577 907 2653 iupiter,
932 2593 1037 2653 noque
1063 2580 1232 2648 omnibus,

253 2673 310 2734 sed
337 2673 493 2732 irritanti
521 2670 729 2740 aduersario,
749 2671 947 2745 provocanti
972 2673 1140 2746 peccatori
1169 2687 1235 2732 noo

254 2765 468 2844 respondebat
482 2763 540 2842 (4).
557 2761 618 2823 Sed
633 2761 782 2834 interim,
797 2761 872 2822 dum
893 2763 933 2823 nd
948 2762 1105 2825 Gellioam
1128 2765 1234 2827 nstin·

252 2877 325 2920 nem
345 2860 464 2922 Nostro
484 2873 547 2916 vox
568 2857 733 2917 obstructa
754 2857 823 2929 est,
839 2855 914 2933 qnid
934 2855 1033 2920 Nobis
1053 2858 1233 2935 agendumt

252 2953 457 3032 Loquendum
470 2952 557 3011 nerto
579 2969 649 3011 oum
670 2953 746 3023 Deo,
769 2950 1071 3028 inflammandosque
1094 2948 1231 3013 suntad

319 3143 355 3198 (1)
374 3139 476 3201 Reponi.
489 3138 598 3189 Pastor.
610 3142 684 3200 oper.
696 3140 764 3188 ludit.
776 3138 900 3189 Moerin.
913 3143 983 3190 dom.
996 3143 1031 3188 H.
1043 3153 1103 3201 pag.
1118 3142 1161 3191 54.

318 3220 354 3273 (A)
372 3217 490 3280 Apolop.
502 3216 529 3265 Ι.
544 3216 575 3266 de
586 3215 666 3281 fuya
681 3231 740 3266 stoa.
760 3219 834 3278 oper.
852 3217 914 3268 edit.
931 3215 1057 3267 Moerin.
1069 3232 1178 3270 numer.
1195 3219 1231 3267 tu.

255 3297 327 3342 dom.
338 3296 360 3342 1.
379 3295 449 3342 Psrt.
466 3297 488 3341 Ι.
506 3307 565 3354 pop.
577 3295 633 3342 883.
1127 3285 1136 3294 “

320 3370 354 3427 (Β)
372 3367 476 3418 Boron.
494 3370 526 3418 nd
536 3372 604 3418 Anu.
617 3372 671 3417 253.
682 3383 753 3418 num.
765 3370 804 3428 99,
817 3372 871 3429 100,
883 3371 974 3420 struo.

321 3446 356 3501 ‹4›
373 3443 415 3492 De
433 3443 515 3507 Offir.
526 3446 583 3494 Lib.
601 3449 622 3493 Ι.
641 3447 703 3507 cup.
723 3447 761 3494 10.
778 3459 849 3494 num.
866 3448 906 3495 ⁸4.
925 3448 999 3508 opor.
1018 3444 1086 3495 Edit.
1104 3443 1228 3496 Maurius.

257 3524 329 3571 dom.
341 3525 377 3570 11.
393 3535 454 3582 pag.
465 3525 504 3570 10.
