2364 4198
620 195 659 210 -
680 163 740 222 272
762 193 799 208 -

228 272 403 346 cuparuut,
426 273 479 331 sed
500 280 643 349 quotuor
659 271 768 352 ‚etiam
796 270 847 332 illi
869 274 1012 350 pastores
1032 273 1172 350 legitimi,

227 381 361 440 quorum
376 366 443 423 tres
458 365 585 424 decreta
596 365 765 426 nationalis
779 370 955 426 conventus
970 367 1105 443 amplexi
1116 385 1172 442 pou

230 468 296 522 tem
327 461 519 532 occuparunt
550 461 738 518 alienarum
764 459 978 532 dioecesium,
1000 475 1172 536 summaque

225 556 360 626 partem
381 549 630 626 dereliquerunt
646 551 730 611 alter
750 569 826 611 vero
840 553 914 614 dum
930 551 1064 629 primns,
1080 553 1172 612 dnobu

230 641 405 702 coniunctis
417 643 569 721 episcopis
584 644 821 717 adsistentibus,
835 645 976 708 intrusos
991 647 1172 706 consecranti

226 742 326 812 pater
346 734 451 796 evasit
471 737 844 814 pseudo-episcoporum,
867 739 901 798 in
923 757 1021 799 causa
1042 739 1121 810 fuit,
1138 753 1172 798 cu

231 827 373 905 reliquae
395 829 482 890 sedes
502 830 751 903 invaderentur,
772 832 925 894 derelicta
946 834 1047 894 etiam
1064 835 1172 910 propris

232 924 315 996 sede,
332 926 368 983 ut
388 925 514 985 intruso
536 927 638 987 locum
659 927 825 1003 aperireti
1171 975 1172 980 1

292 1017 444 1077 Accidere
460 1036 532 1078 sene
555 1036 613 1078 non
631 1023 748 1098 potest,
762 1029 800 1080 ut
813 1023 893 1082 dono
903 1030 1114 1098 perciperetur
1125 1022 1172 1080 eci·

233 1117 287 1182 tu,
303 1127 388 1188 qaue
407 1113 493 1170 man
514 1119 592 1170 sunt
612 1113 767 1174 inchoate
783 1116 954 1190 principio
975 1113 1037 1192 (1).
1061 1116 1172 1190 Longon

231 1203 369 1281 quidem,
386 1203 625 1281 luctuosamque
645 1208 730 1266 esset
750 1205 855 1266 verbis
876 1207 1064 1282 exprimere
1085 1207 1172 1266 hoctun

232 1315 269 1358 co
290 1301 475 1375 corruptum
490 1299 626 1376 undique
646 1299 857 1362 Ecclesiarum
872 1300 1001 1361 Galliae
1016 1301 1162 1368 statuuat

232 1392 421 1471 gravissima
434 1410 471 1452 ea
492 1391 616 1466 damna,
634 1411 713 1471 qnae
727 1395 767 1455 ab
788 1394 970 1454 huiusmodi
985 1395 1172 1457 intrusian¹

230 1482 345 1562 ligioni
366 1484 466 1546 allata
480 1489 565 1546 sunt.
584 1487 666 1548 Illud
681 1485 814 1548 sufficiat
829 1486 1103 1560 animadvertere,
1116 1483 1172 1562 qut

231 1598 320 1642 sacro
352 1579 555 1658 legitimoque
576 1581 725 1658 regimini
757 1581 921 1658 profanum
949 1585 984 1642 et
1010 1583 1172 1664 sacrilegum]

234 1673 376 1752 regimen
404 1674 604 1735 suffecerunt.
636 1677 712 1736 (lum
739 1674 823 1733 enim
851 1674 1038 1750 glorientur
1059 1677 1113 1753 ipsi
1128 1671 1172 1732 e''

233 1784 397 1843 scoporum
419 1769 738 1829 constitutionalium
759 1767 881 1826 nomine
903 1770 1099 1847 nuncupari,
1117 1765 1170 1828 ια’,

234 1877 402 1939 agnoscere
422 1860 595 1934 videntur,
618 1879 650 1922 se
671 1860 849 1922 Catholicos
879 1861 1046 1938 episcopos
1074 1861 1135 1920 miu'

234 1973 314 2029 esse3
329 1957 499 2032 adeoquea
519 1956 617 2016 sacris
637 1955 821 2028 ministeriis
843 1955 1008 2033 repellunt
1034 1960 1120 2033 atque

234 2052 306 2110 cent
326 2067 390 2121 eoa,
412 2048 578 2125 quiiuxta
597 2048 755 2109 Ecclesiae
776 2048 858 2111 ritus
878 2049 969 2109 unice
991 2047 1171 2130 pastoreslue

234 2141 339 2220 gitimi
366 2140 588 2218 appellantur,
611 2143 645 2200 et
665 2145 750 2201 sunt.
773 2142 850 2201 Cum
871 2145 977 2202 autem
1007 2143 1061 2203 illi
1082 2137 1165 2202 maia

235 2236 324 2296 sedes
344 2234 536 2312 episcopales
556 2233 761 2306 intruserint,
776 2234 855 2294 alios
876 2233 926 2294 sni
944 2234 1071 2296 similes
1090 2236 1120 2296 ad
1133 2247 1159 2290 u·

234 2327 339 2406 gimen
360 2326 580 2404 parochiarum
602 2327 789 2401 intrudunt,
810 2344 888 2403 quos
909 2328 1055 2390 Ecclesia
1075 2337 1157 2387 avusr

235 2423 290 2482 tur
320 2421 354 2479 et
374 2419 503 2494 reiicit,
525 2438 662 2496 quosque
683 2419 750 2480 sola
781 2418 970 2479 constitutio
998 2419 1159 2498 agnoscit!

233 2514 359 2592 probat,
374 2515 612 2590 corrumpentes
633 2529 737 2574 sacras
757 2512 994 2586 ordinationes,
1023 2525 1164 2574 sacramen·

234 2611 402 2684 torumque
421 2605 740 2680 administrationem
756 2605 852 2683 utque
867 2607 972 2666 omnia
993 2607 1100 2684 paucis
1111 2603 1170 2664 con

234 2700 422 2778 plectamur,
445 2699 628 2773 Ecclesiam,
644 2701 772 2777 eiusque
793 2700 1023 2762 auctoritatem
1045 2695 1142 2760 divinit

234 2793 417 2856 institutam
433 2793 568 2870 Imperio
582 2793 794 2866 subiicientes,
811 2811 866 2853 nec
881 2811 940 2852 non
963 2793 1096 2854 veritati
1108 2806 1134 2848 er

234 2904 316 2962 rem,
331 2886 444 2965 pietati
457 2885 589 2963 impieta
570 2889 654 2946 atem
670 2885 892 2962 subrogantes,
908 2885 1002 2946 iuxta
1016 2891 1163 2963 germanum

236 2983 416 3060 praedictae
437 2977 674 3040 constitutionis
695 2978 863 3056 analyaim.

295 3075 446 3143 Quoniam
467 3090 544 3133 vero
557 3071 721 3150 proprium
741 3088 862 3147 semper
883 3074 917 3132 et
931 3072 1089 3148 peculiare
1106 3033 1169 3432 n

236 3172 358 3243 reiicit,
374 3168 657 3243 Schismatieisque
677 3163 740 3224 fnit
760 3163 961 3224 simulatione
983 3165 1051 3238 uti;
1072 3159 1164 3221 iulo

235 3263 368 3324 insmodi
389 3262 486 3323 etiam
507 3259 625 3320 intrusi
646 3258 693 3318 nil
714 3258 832 3319 habent
852 3257 1025 3335 antiquins,
1046 3033 1169 3432 qnam*

299 3393 336 3448 (1)
352 3391 377 3438 S
390 3393 442 3440 Lau
458 3389 539 3451 Epist.
551 3384 773 3448 admiscente.
784 3383 1029 3448 apudhabbenmn
1041 3385 1078 3433 lt.
1087 3373 1161 3428 unt·

236 3470 286 3521 col.
299 3471 370 3520 1258.
380 3468 420 3515 lit
433 3467 461 3516 0

1165 3919 1167 4050 l
