2374 4196
608 173 785 234 -450-

318 277 423 339 omnia
444 296 463 338 a
482 278 633 339 Perochis
654 282 792 339 intrusis
805 280 856 339 vel
872 298 978 340 eorum
993 285 1097 342 aucto-

317 371 416 432 ritate
438 378 656 446 exerceantur,
679 393 756 450 quos
777 376 942 434 dumtaxat
956 377 1096 437 Conven-

156 532 157 536 ,
317 469 370 528 tus
390 467 445 526 ille
467 468 610 544 agnoscit
632 472 665 528 et
679 469 815 530 sustinet
858 511 866 527 .
912 513 919 528 .
964 513 973 528 .
1012 488 1086 546 pap.
1107 470 1160 530 226

218 559 294 620 1791
316 561 357 622 26
377 561 572 636 Septembris
599 593 620 607 -
639 567 727 625 Acta
744 565 782 624 in
804 565 1018 625 consistorio
1043 581 1091 624 se·

316 658 423 712 orato.
445 653 546 730 Super
566 653 754 714 admissione
767 654 976 714 abdicationis
990 656 1092 716 (lardi-

316 747 472 807 ualatusa
491 750 664 818 stephano
676 751 797 808 carolo
812 752 856 808 de
869 752 1028 809 Brienne.
1069 767 1085 807 u
1104 749 1154 810 233

257 857 275 900 u
315 839 336 900 5
356 841 501 901 Octobris
522 873 539 886 -
567 839 807 902 Gratissimum.
829 846 1002 903 Ludovico
1023 847 1089 905 Sta·

315 936 427 995 nisiae
450 937 577 994 comiti
597 937 811 1009 Provinciae,
826 942 861 995 et
877 940 996 996 carolo
1018 941 1088 997 Phi·

314 1029 413 1099 lippo
435 1030 561 1088 comiti
574 1033 744 1091 Artesiae.
759 1032 883 1090 Laudat
897 1030 1042 1106 epistolas
1052 1033 1087 1088 ad

314 1121 617 1182 christianissimum
640 1126 757 1199 Regem
779 1123 885 1184 abeis
907 1124 1037 1200 scriptas
1056 1130 1087 1183 et

314 1234 334 1275 a
353 1215 537 1274 Borbonicis
564 1215 774 1292 Principibus.
808 1218 902 1277 Dolet
924 1220 1000 1294 quod
1022 1221 1085 1279 Rex

313 1309 379 1385 ipse
406 1310 468 1368 etsi
497 1309 618 1370 invitus
645 1310 904 1386 constitutionem
933 1311 1085 1372 aNetio-

314 1401 378 1460 nali
400 1403 564 1462 Conventu
583 1402 723 1463 oblatam
745 1404 999 1477 confirmaverit,
1011 1421 1083 1480 quae

313 1515 374 1555 nou
397 1495 499 1556 minus
520 1496 668 1575 religioni
696 1500 786 1574 quam
815 1498 924 1574 regiae
956 1499 1086 1558 auctori-

313 1590 375 1651 tati
396 1592 585 1650 adversatur
592 1634 1025 1650 .........
1065 1608 1082 1648 r
1100 1589 1155 1649 256

214 1680 293 1743 1792
314 1685 333 1743 7
354 1681 494 1745 Ianuarii
509 1715 525 1729 -
539 1683 656 1758 Officiis
670 1685 747 1743 tuis.
764 1688 865 1744 Garri.
888 1685 1084 1755 Rupefucal·

313 1780 371 1838 dic
384 1780 548 1848 mehiep.
563 1782 807 1848 Rothomagen.
825 1779 904 1837 Eum
921 1777 1039 1837 solatur
1051 1794 1084 1836 ac

314 1870 413 1947 erigit
433 1870 465 1928 in
487 1873 645 1930 aerumnis
664 1871 870 1948 perferendis.
916 1917 923 1932 .
969 1917 976 1931 .
1019 1915 1027 1930 .
1067 1867 1155 1928 »257

252 1980 270 2023 u
311 1963 352 2025 25
372 1963 541 2023 Februarii
555 1996 572 2008 -
588 1962 667 2022 Com
696 1966 942 2024 intinctissimae.
971 1969 1083 2024 catha·

311 2059 408 2116 rinae
417 2059 564 2126 Magnae
575 2056 740 2117 Ducissae
753 2059 935 2118 universae
945 2059 1084 2117 Russiae

311 2153 606 2212 autocratrioletc.
616 2151 743 2211 Gratias
754 2151 834 2228 agit,
844 2150 1084 2227 quodaerumuis

308 2242 474 2302 Pontificis
494 2243 593 2318 ipsius
613 2245 843 2319 compatiatur,
866 2244 993 2320 vimque
1020 2261 1085 2302 cou-

309 2338 361 2396 tra
382 2335 431 2394 ius
452 2335 592 2413 gentium
607 2335 667 2412 ipsi
680 2336 804 2396 illatam
819 2335 923 2413 palam
944 2339 1086 2396 aversata

308 2427 420 2503 fuerit,
443 2428 570 2506 eiusque
591 2427 738 2503 iniuriae,
761 2429 968 2506 quantumin
991 2447 1027 2490 ea
1040 2431 1085 2488 est

307 2524 512 2600 reparandae,
529 2523 666 2583 studium
688 2541 777 2582 suum
793 2523 1026 2584 declaraverit.
1068 2519 1155 2581 »260

247 2633 267 2678 u
308 2619 328 2680 3
348 2617 457 2678 Martii
471 2646 486 2663 ·
499 2617 577 2677 Post
595 2626 773 2693 peractam.
800 2622 975 2689 Leopoldo
996 2621 1084 2678 Hun-

307 2713 424 2782 gariuc
443 2712 530 2781 Regi
551 2715 617 2770 etc.
637 2713 675 2769 in
690 2714 920 2771 Romanorum
940 2716 1086 2783 Impera-

307 2809 416 2864 torem
441 2809 564 2864 electo.
588 2803 716 2863 Gratias
739 2802 819 2881 agit,
843 2807 924 2880 quod
952 2804 1085 2864 studium

308 2916 397 2958 suum
419 2898 642 2970 declaraverit,
656 2897 840 2958 defendendi
863 2897 935 2958 iura
952 2901 1086 2976 Aposto-

305 2991 385 3052 licae
407 2992 495 3052 Sedis
517 2991 549 3050 in
573 2991 708 3050 ditiones
729 2990 789 3068 ipsi
807 2991 943 3064 ablatas3
959 2993 992 3051 et
1008 3009 1086 3050 ccm-

305 3085 487 3150 memoratis
509 3103 587 3161 quae
609 3084 641 3144 iu
665 3085 771 3146 Gallia
792 3085 1087 3161 patiturGatholica

305 3179 438 3257 religio,
451 3181 582 3239 eundem
605 3179 726 3239 excitat
748 3183 784 3239 ut
797 3183 928 3252 caveat,
948 3198 987 3238 ne
1000 3179 1087 3238 furor

304 3272 479 3350 impietatis
491 3272 560 3332 illic
571 3271 746 3349 grassantis
758 3270 903 3348 proficiat
914 3273 945 3330 in
960 3273 1085 3348 peius.»
1103 3269 1158 3331 262

244 3379 264 3424 u
306 3365 344 3426 19
364 3365 475 3426 Martii
489 3394 505 3410 -
519 3365 628 3424 Nouae
649 3365 710 3424 bae
738 3363 895 3424 Litterae.
922 3356 1084 3426 cardice-

304 3460 411 3532 libus,
433 3460 730 3532 archiepiscopis,
759 3457 959 3531 episcopis,
988 3460 1086 3531 cepi-
