2456 4192
226 245 314 322 qnasi
336 242 688 321 praeclaramaliqnam
710 244 874 304 scientiam
889 247 1108 305 consectantes
1125 262 1201 322 ape-

226 337 316 398 riunt
336 337 441 397 oeulos
467 339 505 398 ad
530 337 641 398 falsam
667 356 734 400 eam
763 339 865 398 lucem
888 337 1092 400 hauriendam
1119 339 1201 416 ipsis

227 430 367 492 tenebris
388 430 590 491 deteriorem.
612 430 771 492 Nimirum
794 429 895 491 hostis
924 435 1033 492 noster
1061 433 1199 490 nocendi

226 523 370 600 cupidus,
392 527 426 584 et
446 524 591 601 peritus,
613 524 696 586 sicut
716 523 906 602 decipiendis
927 525 1038 602 primis
1059 525 1201 584 homini·

226 615 283 676 bus
305 617 517 678 ministerium
539 619 599 678 sibi
619 618 775 696 serpentis
797 619 985 696 assumpsit,
1009 619 1057 680 ita
1077 618 1200 678 horum

226 707 362 787 linguas,
385 710 510 790 linguas
531 730 604 774 sane
626 713 761 786 dolosas,
784 713 934 791 aquibus
952 712 1089 772 animem
1106 730 1199 772 suam

225 802 357 864 liberari
378 806 520 881 postulat
534 807 697 884 Propheta
710 806 767 885 (1),
783 808 821 868 ad
841 807 1031 866 seducendos
1052 804 1198 866 fidelium

159 889 164 900 ’
226 897 346 960 animos
367 917 488 958 veneno
510 917 584 962 snae
605 899 759 960 falsitatis
780 898 929 960 armavit.
950 901 1061 976 Itaque
1083 916 1145 959 suo
1168 899 1199 956 hi

227 1009 369 1052 sermone
385 992 555 1053 humiliter
576 994 738 1070 irrepunt,
756 994 873 1054 blande
887 995 1035 1070 capiunt,
1051 995 1200 1052 molliter

228 1088 353 1162 lipom,
379 1089 520 1146 latenter
541 1087 694 1147 occidunt
718 1086 775 1164 (2).
798 1087 921 1154 Quanta
945 1086 1018 1146 hinc
1039 1085 1072 1146 in
1094 1086 1200 1146 mori-

229 1179 284 1240 bus
304 1177 488 1255 corruptio,
511 1182 630 1256 quanta
657 1180 689 1239 in
718 1179 885 1258 cogitando
913 1179 1134 1258 loquendoque
1156 1180 1199 1239 li-

227 1275 354 1347 centia,
383 1278 500 1352 quanta
529 1273 562 1333 in
591 1275 675 1334 omni
703 1275 827 1336 actione
855 1273 1059 1351 arrogantia,
1082 1277 1119 1334 et
1148 1277 1199 1332 te-

228 1366 381 1428 meritas!

286 1462 329 1522 Et
348 1479 425 1521 vero
447 1461 497 1522 his
517 1461 624 1522 offusis
645 1461 796 1535 tenebris,
809 1464 904 1538 atque
924 1460 1035 1521 evulsa
1055 1478 1072 1520 e
1093 1461 1199 1520 cordi-

229 1557 285 1618 bus
306 1556 472 1634 religione,
495 1557 526 1616 id
549 1560 715 1634 praeterea
734 1553 965 1632 aggrediuntur
986 1555 1198 1631 perditissimi

229 1649 261 1712 hi
283 1648 489 1728 Philosophi,
513 1655 548 1711 ut
579 1649 691 1728 quibus
712 1648 853 1708 homines
874 1647 1011 1709 vinculis
1031 1647 1121 1708 inter
1144 1667 1196 1717 se,

229 1745 324 1822 atque
346 1763 415 1806 cnm
437 1745 682 1807 Dominantibns
703 1746 961 1821 coniunguntur,
987 1746 1021 1804 et
1041 1744 1073 1804 in
1096 1743 1198 1804 officio

228 1836 453 1912 continentur,
480 1856 518 1898 ea
538 1837 643 1899 omnia
657 1838 857 1910 dissolvant3
879 1837 1015 1898 liberum
1036 1837 1195 1898 hominem

229 1931 315 1993 nasci
335 1933 374 1992 ad
395 1949 542 1991 nauseam
569 1949 669 2008 nsque
692 1931 859 1992 clamitant
884 1934 1116 2009 regeruntqne,
1143 1947 1196 1988 nec

228 2025 409 2104 cuiusquam
431 2025 599 2086 obnoxium
627 2024 782 2102 imperi03
812 2024 994 2085 societatem
1024 2031 1196 2102 propterea

229 2118 466 2180 multitudinem
493 2137 560 2179 esse
588 2118 747 2178 homiuum
774 2118 977 2194 ineptorum,
999 2134 1135 2194 quornm
1166 2134 1195 2174 se

229 2216 410 2290 prosternat
430 2211 598 2289 stupiditas
619 2227 725 2271 coram
741 2211 967 2285 sacerdotibus,
982 2229 1001 2270 a
1014 2209 1130 2287 quibus
1145 2211 1196 2268 de-

228 2305 400 2382 cipiantur,
417 2323 521 2367 coram
543 2304 680 2382 regibus,
703 2321 722 2364 a
743 2303 854 2380 quibus
875 2304 1115 2382 opprimantur,
1143 2304 1196 2364 ad·

229 2416 265 2458 eo
287 2402 323 2459 nt
343 2398 509 2458 eoncordia
528 2397 614 2459 inter
635 2398 844 2460 sacerdotium
865 2401 898 2458 et
923 2396 1092 2474 imperinm
1114 2395 1196 2457 nihil

229 2491 272 2553 sit
292 2491 402 2565 aliud,
428 2509 519 2568 qnam
548 2491 694 2552 immanis
718 2491 910 2569 conspiratio
931 2494 1042 2552 contra
1062 2491 1192 2551 insitam

229 2588 349 2649 homini
368 2588 562 2650 libertatem.
585 2590 707 2657 Quotus
735 2595 840 2650 sutem
862 2587 994 2666 quisque
1020 2605 1083 2647 non
1106 2589 1194 2648 videt

229 2679 407 2742 huiusmodi
421 2681 641 2756 deliramenta,
657 2685 751 2760 atque
764 2683 876 2741 horum
890 2680 1009 2741 similia
1022 2679 1134 2740 multis
1155 2680 1195 2740 si·

230 2776 437 2837 mulationnm
459 2775 633 2836 involucris
653 2778 812 2848 contecta,
824 2779 914 2837 tanto
928 2773 1079 2834 maiorem
1095 2771 1193 2851 quieti

229 2872 263 2929 et
290 2867 521 2947 tranquillitati
547 2869 691 2947 publicae
719 2867 832 2929 afferre
860 2866 1052 2944 perniciem,
1075 2869 1194 2945 quanto

231 2961 354 3024 tardius
374 2966 538 3023 auctorum
559 2965 725 3023 coercetur
746 2961 911 3038 impietas3
933 2959 1097 3020 animabus
1120 2976 1193 3019 vero

230 3055 351 3118 christi
373 3057 524 3134 sanguine
545 3055 717 3132 redemptis
731 3072 768 3115 eo
783 3069 853 3116 esse
865 3053 1008 3132 graviori
1021 3052 1194 3114 detrimen·

144 3203 150 3218 ,
231 3153 276 3223 to,
291 3167 365 3228 quo,
381 3153 418 3210 nt
431 3167 554 3224 cancer,
571 3167 673 3209 sermo
687 3165 796 3208 eorum
814 3147 911 3208 latins
926 3146 1036 3224 serpit,
1051 3149 1149 3224 atque
1164 3161 1193 3205 se

229 3241 369 3304 intrudit
389 3242 423 3302 in
444 3241 585 3320 publicas
605 3241 799 3314 academias,
815 3241 847 3300 in
870 3244 1051 3317 magnatum
1074 3240 1192 3308 domos,

293 3377 327 3431 (1)
344 3378 387 3424 Pe.
398 3377 485 3426 cxlx.
497 3378 521 3424 t.

293 3453 328 3506 <o
346 3452 372 3499 S.
384 3454 435 3500 heo
446 3453 479 3500 ll.
491 3463 566 3500 serm.
578 3450 647 3498 XVI.
660 3449 694 3498 sl.
705 3450 760 3498 XV.
772 3461 828 3508 erp.
840 3448 864 3496 t.
