2514 4198
80 351 179 423 serlo,
202 367 260 428 per
281 348 456 410 Galliarum
482 367 614 428 regnum
636 354 700 410 tem
722 350 799 410 bene
821 351 859 410 de
881 347 1036 426 religione

80 445 236 519 meritum,
258 449 292 506 et
312 446 387 504 adeo
406 445 504 506 Nobis
525 463 645 520 carum,
661 445 761 523 magis
781 443 941 522 magisque
957 441 1037 502 schi-

77 557 138 599 sma
152 538 275 612 invehi,
287 541 382 616 atque
395 538 596 617 amplificari,
613 538 829 616 videntesque,
844 539 923 598 hanc
938 536 1036 613 ipsam

76 634 110 692 ob
131 651 281 708 oausam,
304 650 401 694 novos
421 633 453 693 in
476 632 543 694 dies
566 636 632 694 tem
654 632 770 710 primi,
797 649 889 709 quam
910 627 1037 691 secundi

75 727 195 787 ordinis
213 728 365 788 Pastores
386 727 521 804 undique
542 725 632 804 eligi,
648 730 681 787 et
700 725 865 785 ministros
878 723 1037 801 legitimos

74 822 109 880 de
131 839 190 882 suo
211 820 280 880 loco
302 820 394 880 deiioi
411 824 506 898 atque
527 819 705 892 exturbari,
721 836 890 896 eorumque
905 817 974 877 vice
987 833 1038 877 ra·

72 932 163 991 paces
191 913 283 990 lupos
313 913 498 991 subrogari,
522 931 582 973 non
611 929 772 991 possumus
801 912 944 989 equidem
973 915 1037 970 lam

71 1004 266 1065 lacrimabili
289 1023 395 1066 rerum
417 1009 544 1083 aspectu
567 999 852 1066 non¹commoveri
872 1007 916 1065 Ut
937 1003 1038 1081 igitur

72 1098 223 1178 gliscenti
245 1098 406 1160 schismati
427 1101 528 1178 primo
549 1119 669 1178 quoque
691 1104 830 1176 tempore
851 1098 969 1158 obicem
984 1116 1039 1175 op-

71 1209 248 1272 ponamus;
272 1194 308 1252 ut
328 1193 365 1252 ad
387 1191 486 1254 officia
507 1196 699 1252 revocentur
719 1196 888 1265 errantes;
911 1197 947 1252 ut
967 1191 1039 1250 boni

71 1284 251 1362 persistunt
272 1283 303 1342 iu
326 1284 498 1362 proposito,
522 1291 617 1363 utque
638 1286 753 1365 religio
768 1286 800 1345 in
815 1286 1039 1347 florentissimo

72 1380 135 1439 isto
157 1394 261 1455 reguo
281 1379 440 1451 servetur,
454 1379 519 1439 Nos
531 1378 671 1438 consiliis
692 1378 893 1439 inhaerentes
910 1395 1041 1438 venera·

75 1472 190 1532 billum
211 1470 348 1532 fratrum
369 1472 558 1533 Nostrorum
580 1474 613 1532 S.
630 1475 670 1534 R.
686 1473 723 1532 E.
745 1471 983 1545 Cardinalium,
1006 1477 1040 1532 et

76 1566 158 1626 sotis
181 1564 429 1625 obsecundantes
450 1565 549 1626 totius
563 1563 747 1642 episcopalis
761 1567 868 1625 coetus
881 1564 1040 1624 Ecclesiae

82 1659 265 1736 gallicanae,
274 1658 521 1736 Nostrorumque
533 1659 803 1736 praedecessorum
816 1659 960 1736 exempla
970 1657 1041 1718 imi·
1160 1675 1162 1681 ·

82 1757 198 1824 lantes,
211 1753 394 1829 apostolica,
411 1772 472 1831 qua
487 1754 620 1826 utimur,
633 1757 804 1833 potestate,
817 1759 925 1815 tenore
947 1771 1038 1831 prae·

76 1848 214 1908 sentium
237 1846 393 1924 imprimis
414 1847 581 1929 edicimus,
598 1851 634 1908 ut
646 1851 801 1925 quotquot
816 1850 890 1907 sunt
904 1849 937 1908 S.
951 1849 991 1908 R.
1001 1849 1037 1907 Ε.
1134 1887 1137 1894 =

76 1938 275 2012 cardinales,
297 1939 543 2018 archiepiscopi,
566 1941 722 2020 episcopi,
744 1941 887 2014 abbates,
907 1939 1038 2012 vicarii,

74 2032 231 2106 canonici,
254 2032 395 2109 parochi,
417 2033 609 2111 presbytcri,
622 2034 788 2112 cunctique
802 2033 1040 2096 Ecclesiasticae

77 2126 217 2188 militiae
238 2125 403 2202 adscripti,
426 2126 493 2186 sive
515 2127 703 2201 saeculares,
719 2127 785 2187 sive
799 2128 975 2205 regulares,
987 2126 1041 2203 qui

76 2223 222 2281 civicum
251 2221 473 2279 iuramentum
501 2237 578 2297 pure
607 2225 641 2280 et
667 2221 877 2299 simpliciter,
903 2224 997 2299 prout
1022 2239 1041 2280 a

75 2314 245 2374 Conventn
268 2313 421 2374 nationali
442 2313 671 2392 praescriptum
694 2317 769 2389 fuit,
785 2317 968 2389 emiserunt,
991 2334 1043 2376 er·

75 2423 188 2466 rorum
211 2404 348 2464 omnium
371 2409 559 2465 venenatum
581 2405 718 2482 fontem,
741 2413 775 2468 et
796 2409 964 2487 originem,
986 2427 1042 2468 ca-

77 2498 277 2574 tholicaeque
298 2496 472 2575 gallicanae
486 2497 644 2560 Ecclesiae
667 2502 821 2562 moeroris
842 2501 1040 2579 praecipuam

75 2611 216 2665 cansam,
238 2593 298 2653 nisi
320 2593 409 2652 intra
429 2594 638 2670 quadraginta
659 2595 746 2668 dies,
769 2596 807 2656 ab
829 2597 885 2655 hac
908 2597 957 2655 die
979 2613 1040 2654 nu-

75 2688 264 2759 merandos,
287 2685 465 2745 huiusmodi
488 2686 701 2748 iuramentum
722 2689 996 2760 retractaverint,
1023 2707 1041 2748 s

75 2783 298 2857 cuiuscumque
319 2780 438 2840 ordinis
459 2781 612 2841 exercitio
634 2785 703 2842 sint
723 2787 886 2861 suspensi,
909 2788 943 2845 et
963 2783 1042 2845 irre·

77 2873 249 2952 gularitati
270 2873 410 2944 obnoxii,
434 2872 461 2934 si
476 2874 599 2934 ordines
619 2878 832 2936 exercuerint.

134 2969 268 3044 Insuper
290 2965 495 3044 peculiariter
516 2967 721 3040 declaramus,
738 2972 906 3031 electiones
919 2970 1041 3048 praedi·

76 3066 203 3121 chorum
223 3058 374 3136 Empilly,
391 3059 553 3131 Marolles,
570 3059 723 3134 Sabrina,
741 3063 894 3136 Moesico,
908 3063 1039 3134 Lindct,

77 3154 245 3224 buerant,
272 3151 447 3213 Hcruudin
467 3155 502 3212 et
525 3151 622 3214 (lohel
641 3153 673 3212 in
696 3155 853 3235 episcopos
883 3156 1043 3235 corisopi-

77 3255 219 3317 tamem,
242 3242 519 3317 dorostorensem,
542 3246 747 3325 Aqaeusem,
772 3249 1040 3324 Belloouccnsem,

77 3339 316 3410 Ebroioanam,
343 3338 565 3412 molinensem,
590 3338 699 3401 Gestri
721 3342 801 3423 Rufi
820 3349 854 3404 et
873 3346 1045 3408 Parisioru-

75 3450 150 3504 sem,
174 3429 372 3508 illegitimas,
395 3432 576 3510 sacrilegas,
598 3436 633 3492 et
654 3451 785 3511 prorsus
806 3436 910 3498 nullas
932 3438 1041 3512 fuisse,

79 3531 111 3587 et
130 3543 212 3600 esse,
236 3528 331 3602 prout
354 3543 406 3586 eas
428 3525 645 3599 rescindimus,
669 3529 820 3604 delemus,
842 3531 1042 3609 abrogamus,
