2500 4206
649 264 686 275 -
708 231 827 292 362—

255 336 417 398 tenoribus
439 335 600 415 specialis,
623 336 787 415 specifica,
803 356 970 416 expressa,
987 338 1022 398 et
1042 336 1202 408 indiuidua,

255 450 291 493 ao
312 432 349 490 de
370 433 469 492 uerbo
490 433 527 492 ad
550 433 700 506 verbum,
717 451 776 492 nou
798 436 903 493 autem
922 449 979 510 per
992 431 1149 494 clausulas
1162 449 1203 508 ge·

255 527 379 587 nerales
399 525 482 584 idem
503 525 713 603 Importantes
735 527 873 601 mentio,
890 545 944 587 seu
959 526 1073 604 quavis
1087 525 1149 586 alla
1161 541 1204 583 ex·

255 611 372 698 quisita
392 619 495 680 forma
515 621 553 680 ad
576 621 634 680 hoc
656 623 811 682 servanda
830 621 929 692 foret,
945 621 1076 680 illorum
1094 622 1204 678 tenores

254 731 311 792 pro
332 714 523 775 sufficienter
543 716 718 793 expressis,
733 733 768 777 ac
789 715 922 775 formam
943 715 976 774 in
997 715 1045 774 eis
1067 712 1204 773 traditum

253 826 311 886 pro
334 810 460 869 servata
480 809 649 883 habentos,
674 812 733 870 hac
757 810 827 870 vioe
853 809 1058 888 specialiter,
1084 806 1205 867 nomina·

254 904 313 964 tIm
334 905 368 962 et
385 921 533 982 expresse
548 905 585 963 ad
601 904 745 965 effectum
759 905 1002 983 praemissorum
1018 905 1204 979 derogamus,

251 997 427 1074 ceterisque
455 998 627 1060 contrariis
648 998 902 1076 quibuscumque.
934 999 1094 1059 Volumus
1115 998 1202 1055 auum

254 1095 291 1152 ut
301 1093 469 1151 earundem
488 1093 701 1169 praesentium
718 1093 916 1156 Litterarum
928 1090 1149 1169 transumptis,
1161 1106 1202 1146 seu

252 1184 404 1260 exemplis
418 1185 514 1245 etiam
529 1185 701 1262 impressis,
717 1203 810 1245 manu
825 1185 959 1246 alicuius
972 1187 1002 1246 N
1006 1183 1105 1246 otarii
1120 1180 1202 1261 publi·

253 1278 282 1338 ci
305 1279 507 1357 subscriptis,
523 1283 557 1340 et
577 1280 684 1358 sigillo
705 1299 857 1358 personae
878 1279 910 1339 in
932 1280 1093 1357 dignitate
1115 1276 1200 1338 Eccle-

136 1415 139 1422 .
253 1372 382 1433 siastica
395 1373 586 1434 constitutae
601 1376 744 1448 munitis,
758 1378 864 1435 eadem
876 1391 1006 1452 prorsus
1018 1374 1099 1434 fides
1111 1371 1198 1432 habea·

252 1467 325 1536 tur,
341 1484 420 1542 quac
441 1467 612 1527 haberetur
630 1468 741 1527 iisdem
756 1468 988 1547 praesentibus,
1007 1468 1034 1527 si
1050 1467 1150 1526 forent
1161 1478 1198 1520 ex·

252 1557 373 1618 hibitae
393 1559 446 1619 uel
468 1564 622 1621 ostensae.
640 1565 769 1622 Demum
789 1561 1003 1640 Apostolicam
1023 1555 1200 1622 BenedIctio·

253 1669 323 1710 nem
344 1652 614 1714 Fraternitatibus
637 1656 761 1716 Vestris
782 1657 982 1732 peramanter
1000 1652 1197 1730 impertimur.

313 1747 427 1805 Datum
448 1749 566 1808 Romae
587 1749 667 1825 apud
690 1745 723 1808 S.
739 1749 869 1808 Petrum
891 1749 948 1808 sub
965 1749 1095 1809 Annulo
1117 1743 1200 1804 Pisou-

252 1837 344 1911 toris,
366 1839 416 1900 die
442 1842 549 1902 XXIV
566 1842 755 1903 NovembrIs
775 1843 980 1914 MDOGXGII,
1006 1839 1198 1902 Pontificatus

251 1933 363 1994 Nostri
386 1952 466 1994 anno
488 1936 604 1996 XVIII.

658 2099 810 2158 ΗΠ.

435 2202 695 2264 SANCTISSIMI
715 2203 861 2263 DOMINI
881 2200 1038 2263 NOSTRI

290 2359 358 2438 ΡΠ
374 2333 551 2439 nivml
567 2359 916 2439 emorrannum
933 2357 1107 2438 elram
1125 2353 1170 2434 u

554 2534 758 2589 innocuum
777 2532 916 2588 mmm

519 2697 553 2738 IN
586 2696 782 2740 cores1sros10
818 2695 955 2738 SEORETO

538 2831 634 2892 Diod
647 2830 828 2891 Decembris
844 2825 930 2888 1792

362 2991 451 3048 ven.
473 2989 624 3059 Fratres,
639 2989 791 3048 Salutem
812 2991 847 3045 et
866 2988 1100 3058 Apostolloam

583 3081 880 3139 Benedictionem.

311 3230 359 3288 Ex
379 3229 515 3290 Nostrae
541 3226 635 3287 buius
660 3226 859 3287 allocutionis
886 3230 1073 3304 argumento
1098 3209 1188 3282 summi

251 3326 338 3381 certe
359 3323 511 3382 moeroris
531 3321 725 3398 plenissImo,
746 3323 784 3380 de
805 3339 864 3398 quo
886 3332 1127 3398 unumquemque
1146 3309 1190 3368 Vt·

250 3417 352 3474 strum
372 3415 601 3476 uenerabilium
616 3417 787 3488 Fratrum,
803 3415 911 3491 paucis
932 3419 1007 3476 ante
1026 3412 1127 3474 dicbus
1139 3413 1188 3463 cer·

250 3508 366 3569 tionem
387 3508 457 3568 fleri
478 3509 656 3582 voluimus,
679 3508 807 3602 mthme
836 3507 1034 3583 dubitamus,
1056 3504 1122 3584 quin
1141 3507 1184 3573 pfl
