2514 4198
426 260 605 319 -147-

44 367 301 445 Archicpiscopus
320 365 526 441 Senotensis,
541 385 576 428 ac
597 368 745 445 perpauci
767 367 893 430 secundi
914 370 997 430 ordi·

41 460 88 518 nis
105 463 252 522 Pastores
272 461 491 523 infelicissimi.
1003 507 1004 513 κ

98 556 143 615 Ad
164 555 363 616 cardinalem
385 555 424 617 de
438 555 591 617 Lomento
610 557 691 633 quod
713 556 842 631 attinet,
859 557 898 631 is,
914 557 996 618 datis

38 651 80 709 ad
96 651 157 712 Nos
184 650 236 709 die
256 650 492 732 25superioris
517 652 706 713 Novembris
726 653 884 727 Litteris,
906 653 996 715 iura-

37 745 173 804 mentum
197 743 236 804 ab
257 761 290 803 se
311 743 500 819 praestitum
521 761 672 804 excusare
693 748 895 819 contendens,
917 735 996 807 illud

38 855 96 896 non
115 855 182 898 esse
203 837 377 899 habendum
397 853 458 911 pro
480 839 587 897 ocimi
600 855 733 900 assensu
751 839 936 914 affirmabat,
951 858 998 901 ae-

36 949 95 1006 que
114 931 207 992 valde
229 931 260 990 in
283 930 414 1008 ancipiti
433 949 500 990 esse
515 949 590 1010 prae
605 950 638 991 se
653 931 787 1007 ferebat,
801 951 874 993 num
887 933 999 994 electis

38 1042 141 1084 manus
153 1024 319 1101 imponere
340 1026 535 1084 detrectaret
550 1022 648 1102 (uteo
664 1043 759 1103 usque
774 1025 995 1107 abstinuerat),

37 1135 139 1177 necne.
161 1120 240 1180 Cum
262 1134 339 1176 vero
360 1133 453 1194 quam
475 1117 609 1176 maxime
624 1117 804 1193 interesset,
821 1119 1005 1198 utEpisco-

37 1229 140 1290 porum
165 1229 256 1270 nemo
277 1211 316 1270 ad
339 1211 512 1270 electorum
533 1212 798 1273 consecrationem
820 1213 996 1288 accederet,

37 1311 138 1384 utpote
160 1325 240 1385 quae
262 1303 409 1365 latiorem
422 1307 461 1364 ad
481 1305 615 1365 schisma
635 1306 843 1366 communiret
864 1307 994 1382 viam,e

36 1420 74 1461 re
91 1401 187 1462 visam
201 1402 249 1460 est
258 1401 411 1462 Nostram
426 1401 465 1461 ad
478 1399 645 1477 Episcopos
659 1400 903 1478 responsionem,
915 1420 994 1479 quae

40 1514 111 1572 pene
129 1495 277 1556 absoluta
297 1497 383 1567 erat,
408 1493 566 1571 tantisper
585 1493 823 1569 intermittere,
847 1495 994 1572 nullaque

44 1586 222 1666 interposita
242 1602 344 1658 mora,
366 1585 417 1644 dic
437 1585 478 1646 23
492 1583 677 1658 Februarii,
700 1585 860 1647 Gardinali
881 1589 999 1648 rescri-

50 1681 169 1762 bere(l)‚
181 1681 425 1741 demonstrando
437 1679 549 1752 eidem,
559 1682 626 1739 tum
639 1678 814 1740 sententiae
827 1699 900 1740 suae
911 1677 1010 1741 erre>

44 1792 103 1834 rem
120 1776 152 1835 in
178 1773 334 1852 praestito
356 1771 569 1845 iureiurando,
594 1775 661 1833 tum
681 1789 816 1850 poenas,
840 1791 917 1849 quae
940 1780 998 1850 per

40 1887 162 1930 canones
185 1867 386 1945 infliguntur,
404 1869 437 1926 et
458 1867 599 1942 adquae,
616 1883 678 1925 non
694 1865 762 1924 sine
777 1865 874 1925 animi
887 1866 999 1928 Nostri

39 1960 245 2039 aegritudine,
269 1977 378 2019 manus
400 1960 566 2019 admovere
586 1975 782 2036 cogeremur,
798 1976 869 2018 eum
890 1959 1003 2020 Cardi-

40 2056 144 2116 nalitia
166 2052 266 2114 ctiam
288 2051 445 2129 dignitate
467 2056 629 2126 exuentes,
645 2050 707 2110 nisi
729 2051 884 2129 publicam
906 2053 1001 2112 offen-

38 2147 148 2208 sionem
172 2145 376 2222 tempestiva,
399 2163 434 2206 ac
455 2144 550 2221 digna
564 2143 778 2204 satisfactione
795 2141 997 2206 retractaret.

39 2241 116 2307 Quod
138 2257 217 2300 vere
238 2241 276 2299 ad
298 2236 389 2297 illius
415 2237 542 2297 dubium
570 2236 774 2315 pertinebat,
797 2239 834 2298 de
863 2240 1002 2316 pseudo-

36 2339 141 2399 electis
167 2335 402 2410 consecrandis,
418 2353 525 2408 necne,
540 2335 697 2412 conceptis
719 2335 824 2395 verbis
839 2335 898 2414 ipsi
912 2355 1003 2415 prae-

38 2433 184 2508 cepimus,
200 2449 238 2489 ne
253 2448 289 2488 eo
313 2447 408 2506 usque
430 2429 687 2506 progrederetur,
705 2431 741 2488 ut
756 2447 850 2488 novos
870 2430 998 2507 Episco-

37 2539 98 2597 poa,
110 2525 151 2584 ob
166 2521 310 2599 quamvis
325 2521 420 2581 etiam
435 2537 559 2581 causam
573 2521 785 2593 necessitatis,
802 2522 1006 2597 institueret,

38 2633 193 2694 novosque
214 2614 371 2675 Ecclesiae
399 2613 601 2675 refractarios
629 2613 840 2692 adiungeret;
867 2615 904 2674 de
929 2615 1002 2674 iure

36 2709 113 2770 enim
135 2708 270 2786 agitur,
293 2709 372 2786 quod
396 2706 484 2767 unice
505 2709 627 2785 spectat
649 2706 687 2766 ad
709 2705 921 2782 Apostolicam
942 2707 1000 2766 Se-

38 2802 123 2877 dem,
147 2803 243 2862 iuxta
268 2800 448 2861 Tridentini
476 2799 608 2862 Concilii
634 2799 833 2872 sanctiones,
857 2801 1004 2876 quodque

38 2894 182 2975 arrogari
203 2894 262 2954 sibi
284 2913 302 2954 a
323 2894 444 2954 nemine
465 2897 570 2972 potest
590 2893 832 2970 Episcoporum,
855 2895 910 2951 aut
931 2893 1008 2952 Me·-

40 2990 312 3067 tropolitanorum,
324 2988 397 3065 quin
409 2988 473 3048 Nos
485 2987 554 3062 illo,
567 3005 627 3065 quo
639 2985 813 3062 fungimur,
824 2984 1004 3062 Apostolici

39 3081 123 3142 officii
143 3098 288 3154 munere,
311 3081 472 3140 declarare
491 3097 651 3159 cogamur,
667 3078 882 3139 schismaticos
904 3078 1004 3139 simul

41 3179 189 3236 assatam
213 3191 276 3245 eos,
296 3173 349 3250 qui
366 3173 575 3247 confirmant,
598 3190 690 3250 quam
713 3189 787 3245 eos,
810 3172 863 3248 qui
887 3171 1005 3232 confir-

41 3270 175 3340 mantur,
198 3265 375 3343 nulliusque
395 3266 517 3327 roboris
538 3266 661 3327 futuros
683 3264 757 3324 illos
779 3265 870 3325 actus
899 3283 1004 3326 omnes

43 3359 72 3418 ab
92 3359 240 3436 utrisque
260 3359 453 3438 prodituros.

96 3551 132 3605 (1)
150 3546 210 3597 Vid.
228 3561 283 3608 nup.
300 3561 359 3608 pag.
372 3550 410 3596 ot.
