2374 4196
373 217 551 277 -449-

86 325 221 384 cultates
242 324 294 385 illi
315 327 530 385 conceduntur
551 343 608 402 pro
629 344 666 387 aa
687 325 735 385 sui
759 326 865 404 gregis

85 416 243 494 portione,
265 436 343 496 quae
363 421 398 478 lu
420 419 526 480 Gallia
546 423 596 480 est
627 463 636 480 .
681 464 688 479 .
736 464 743 477 .
783 437 863 496 paq.
885 421 947 483 219

10 509 116 570 [79118
135 511 273 587 Augusti
285 513 477 571 ·Decretum
498 512 530 571 S.
555 513 590 574 G.
612 514 649 572 da
664 514 757 589 Prop.
774 513 864 587 Fide,

84 622 142 681 quo
174 606 459 677 archiepiscopis
491 611 527 665 et
556 608 741 678 Episcopus
768 609 867 678 regni

85 699 278 758 Galliarum
291 697 424 758 facultas
436 697 591 758 tribuitur
608 699 772 775 delegandi
794 700 868 759 sim-

84 791 181 867 plices
203 791 406 868 presbyteros
428 809 485 868 pro
507 793 724 851 consecrandis
752 793 867 854 altari-

84 883 140 943 bus
155 884 373 961 portatillbus,
390 884 457 944 oleo
472 888 577 944 tamen
592 903 628 946 ac
642 885 813 948 chrismate
828 887 867 947 ab
920 920 923 926 -

82 975 235 1055 Episcopo
257 978 419 1038 benedicto
447 981 508 1038 eto.
541 978 714 1055 Iisdemque
743 980 868 1040 veniam

84 1071 190 1142 dandi,
215 1074 251 1129 ut
272 1070 400 1131 Missam
421 1069 582 1130 celebrare
604 1070 726 1147 possint
747 1071 779 1129 in
793 1089 866 1148 quo·

82 1179 215 1239 cumque
237 1162 305 1222 loco
326 1162 449 1222 decenti
471 1165 532 1223 etc.
555 1166 589 1223 et
610 1164 641 1222 in
664 1163 762 1224 altari
793 1181 868 1240 por-

83 1255 184 1328 tatili,
200 1255 343 1332 quamvis
357 1255 424 1315 sine
439 1257 626 1316 Sanctorum
641 1257 800 1334 reliquiis:
815 1257 869 1316 de·

83 1351 207 1413 ferendi
233 1351 363 1413 SSu'rum
392 1355 630 1414 Sacramentum
661 1354 699 1414 ad
728 1353 868 1414 infirmos

83 1446 207 1506 occulte
223 1446 289 1506 sine
305 1446 441 1520 lumine3
459 1446 598 1524 illudque
614 1446 681 1506 aine
695 1448 802 1506 eodem
818 1464 869 1506 ra-

84 1537 207 1598 tinendi
218 1557 275 1615 pro
288 1539 354 1599 illis
368 1542 399 1598 in
413 1541 479 1598 loco
491 1545 596 1600 tamen
608 1540 731 1600 deoenti
743 1545 805 1600 etc.
849 1557 868 1599 a
888 1539 949 1602 220

83 1633 123 1692 26
134 1633 331 1710 Septembris
342 1633 552 1693 -Facultates
570 1649 733 1691 concessae
744 1650 763 1690 a
775 1633 867 1691 Sum-

83 1726 593 1799 moPontificeArohiepiaoopis
604 1730 869 1796 Lugdunenaee·

82 1830 206 1886 maian.
228 1832 264 1885 et
283 1829 454 1886 viennen.
478 1832 583 1898 atque
612 1827 868 1897 antiquioribus

83 1925 270 1995 ’episcopis
282 1925 452 1993 cuiusque
465 1923 666 1993 provinciae
677 1925 775 1992 regni
790 1925 868 1980 Gal-

83 2018 223 2098 liarum,
247 2019 281 2075 ut
301 2020 476 2092 opportune
492 2015 699 2091 provideatur
715 2013 863 2090 regimini

83 2109 258 2168 dioecesum
278 2128 389 2185 quasa
409 2108 474 2168 suis
489 2108 649 2185 Episcopis
666 2109 868 2179 deseruntur,

83 2202 247 2280 Regimini
272 2201 590 2278 Metropolitanarum
616 2202 766 2273 Sedium,
790 2219 869 2277 quaa

85 2312 214 2355 suorum
229 2295 414 2355 Praesulum
427 2299 530 2355 morte
543 2297 599 2355 aut
621 2295 871 2372 praevaricatio·

86 2407 123 2448 ne
135 2389 203 2450 sint
219 2392 388 2449 vacaturae
399 2409 408 2462 3
420 2387 581 2466 Regimini
602 2389 775 2448 dioecesum
791 2406 870 2463 quae

83 2482 121 2541 ab
135 2480 299 2559 Episcopis
312 2479 394 2542 sorte
406 2481 629 2559 suspendendis
648 2499 668 2540 a
680 2479 872 2539 iurisdictio·

84 2593 135 2650 ne,
151 2574 203 2636 rel
216 2574 521 2634 excommunicandis
540 2573 816 2646 administrantur
837 2577 870 2632 et

82 2667 190 2746 probis
205 2668 435 2730 Ecclesiasticis
461 2687 480 2728 a
503 2668 603 2727 civico
617 2667 795 2726 iuramento
817 2666 869 2725 ab·

83 2764 307 2836 horrentibus,
328 2781 405 2840 quos
422 2780 460 2821 ea
483 2762 520 2820 de
543 2778 635 2821 causa
658 2759 801 2836 Episcopi
824 2760 871 2820 iu·

83 2856 150 2917 rati
163 2857 268 2932 iniqua
290 2854 493 2931 suspendent,
509 2851 561 2912 vel
577 2854 616 2912 ad
631 2851 793 2912 clericalia
808 2851 871 2910 offi-

84 2950 133 3009 cia
148 2966 207 3007 non
222 2948 377 3024 recipient
421 2989 804 3008 ........
848 2962 867 3005 a
889 2945 948 3007 221

85 3043 127 3102 26
160 3039 356 3117 Septembris
397 3071 411 3085 ·
450 3041 639 3100 Instructio
678 3041 777 3106 iussu
813 3041 869 3097 Pil

86 3137 153 3195 1³1³.
175 3137 226 3193 v1
248 3140 392 3196 exarata
412 3149 516 3205 snper
538 3135 869 3204 quibuscumquae

86 3230 260 3288 ationibus
282 3245 301 3286 a
322 3227 496 3286 Galliarum
519 3225 680 3304 Episcopis
702 3226 870 3302 propositis

86 3322 125 3380 de
148 3321 288 3380 fidelium
308 3323 499 3393 Baptismo,
510 3322 751 3392 Matrimonia,
767 3325 803 3378 et
817 3335 871 3380 aa·

86 3416 250 3485 pultario:
274 3431 343 3472 cum
367 3413 540 3472 timendum
561 3413 614 3486 sit,
642 3429 680 3470 ne
704 3411 831 3472 Fideles
851 3430 870 3473 a

87 3508 250 3567 Conventa
282 3506 445 3569 Nationali
477 3505 689 3580 divexentur,
712 3505 772 3565 nisi
795 3507 870 3566 haec

148 3630 207 3682 Vol.
225 3632 251 3682 I.
813 3632 844 3678 29
