2492 4202
437 199 616 261 -279-

34 303 288 380 convertimus,
316 310 484 385 propterea
515 311 595 387 quod
622 327 730 370 eorum
759 308 875 368 crimen
903 307 1004 367 multo

35 414 108 456 sane
134 398 271 473 gravius
297 403 330 459 et
351 400 554 476 perniciosius
575 405 623 462 est
644 402 696 462 vel
717 403 761 462 ob,
775 402 874 478 ipsam
896 399 1005 460 delicti

33 491 213 565 rationem,
237 493 289 552 vel
310 493 349 552 ob
369 513 570 572 personarum
591 495 780 573 dignitatem
807 497 840 554 et
868 491 1006 553 auctori-

34 585 150 656 tatem,
173 602 256 661 quae
277 587 337 645 duo
357 585 528 664 plurimum
548 587 659 647 valent
673 589 710 647 od
723 587 803 646 alios
817 589 885 646 tum
900 601 1004 644 exem-

33 677 95 753 plo,
120 679 196 737 tum
220 682 388 756 usurpatae
409 680 639 742 iurisdictionis
661 699 717 740 usu
738 680 1002 756 corrumpendos3

34 768 250 830 nihilominus
269 776 410 833 monitos
424 775 566 838 volumus
586 774 684 834 etiam
706 781 841 843 ceteros,
864 771 918 847 qui
938 769 1006 829 edi-

34 867 82 924 tae
106 863 352 926 constitutionis
373 873 517 930 auctores
538 870 737 945 fautoresque
759 871 844 939 sunt,
867 867 900 924 et
920 864 1005 924 iura-

35 961 80 1016 tos
104 975 233 1031 omnes,
256 960 390 1021 maxime
405 962 491 1022 viros
511 962 749 1034 ecclesiasticos,
765 979 801 1020 ac
816 957 1003 1035 praesertim

34 1052 207 1125 parochos
230 1054 468 1114 seminariorum
490 1054 667 1131 superiores
687 1052 739 1113 vel
761 1053 912 1121 rectores,
935 1048 1005 1108 uui-

34 1145 234 1205 versitatum
256 1151 289 1207 et
308 1149 515 1226 collegiorum
537 1150 727 1226 professores
754 1149 810 1206 aut
830 1143 1006 1202 moderato-

34 1253 108 1310 res,
135 1256 202 1310 ne,
225 1239 306 1298 siin
328 1258 384 1300 suo
405 1243 521 1302 delicto
549 1245 769 1312 contumaces,
792 1233 1004 1310 obstinatique

34 1332 267 1406 perstiterint,
291 1352 346 1394 suo
368 1337 507 1412 tempore
534 1336 669 1396 similem
697 1349 824 1412 poenam
853 1344 1003 1390 evasuros

35 1439 64 1480 se
89 1427 224 1500 putent.
965 1419 969 1428 ’

94 1521 182 1577 Dum
211 1523 317 1581 autem
344 1523 419 1583 haec
443 1522 625 1600 loquimur,
651 1523 722 1581 dum
744 1518 782 1579 ad
803 1518 904 1579 minas
924 1515 1003 1575 istos

37 1610 250 1688 confugimus,
272 1617 367 1674 Deum
391 1619 503 1676 testem
518 1633 676 1688 vocamus,
692 1615 883 1691 quantopere
906 1607 1003 1668 nolle·

37 1720 105 1763 mus
128 1706 229 1765 armis
250 1707 335 1766 hisce
356 1708 573 1787 spiritualibus
594 1710 662 1782 uti,
685 1708 711 1767 si
734 1724 820 1767 secus
841 1703 911 1764 fieri
932 1717 1003 1779 pos·

37 1802 102 1858 set:
129 1799 260 1862 lenitati
281 1803 377 1877 enim,
400 1806 433 1864 et
452 1802 685 1864 misericordiae
700 1800 909 1861 libentissimo
924 1816 1002 1858 sem-

36 1909 91 1967 per
106 1893 228 1967 animo,
244 1896 411 1957 severitati
433 1901 538 1958 autem
562 1897 621 1956 nisi
643 1895 738 1956 inviti
760 1897 793 1954 et
815 1891 1000 1953 necessitate

37 1988 141 2048 coacti
163 1986 269 2047 locum
291 1989 417 2064 damon
439 2009 475 2050 ac
496 1994 663 2068 propterea
684 2007 790 2049 omnes
807 1987 900 2047 huius
922 1982 1002 2043 schi-

38 2082 151 2142 smatis
173 2081 385 2157 quovismodo
400 2083 581 2160 participes,
604 2083 798 2159 maximeque
820 2097 925 2140 sacros
945 2076 1028 2136 mi-·

40 2176 158 2235 nistros
180 2174 211 2232 in
234 2174 406 2238 visceribus
428 2179 496 2236 iesu
516 2178 635 2238 Christi
656 2178 771 2237 iterum
786 2174 878 2234 enixe
893 2174 1001 2233 horta-

38 2285 133 2341 mur,
157 2273 191 2326 et
212 2268 429 2344 obsecramus,
451 2273 488 2330 ut
516 2270 676 2348 cogitent,
698 2288 790 2346 quam
817 2267 998 2345 indignum,

37 2377 131 2435 quam
155 2377 350 2436 perversum,
366 2381 457 2439 quam
479 2363 688 2425 miserrimum
709 2363 752 2423 sit
772 2362 891 2433 fideles,
913 2377 1002 2437 prae·

38 2454 149 2514 sertim
173 2454 398 2516 ecclesiasticos
419 2457 544 2518 exitiali
564 2458 637 2518 huic
658 2455 819 2517 schismati
839 2455 948 2514 favere
968 2456 1002 2512 et

39 2547 272 2621 obsecundare,
294 2550 373 2625 quod
396 2549 503 2627 iniquo
531 2550 784 2628 philosophorum
812 2549 1000 2607 novatorum

39 2641 194 2714 consilio,
216 2643 366 2702 maiorem
395 2646 515 2720 partem
537 2646 710 2705 conventus
737 2640 907 2701 nationatis
928 2657 1001 2698 cou-

39 2732 244 2794 stitucntium
265 2736 455 2808 conflatum,
478 2735 510 2794 in
532 2753 586 2794 cuo
608 2753 684 2812 pene
710 2736 806 2808 ortu,
830 2733 919 2792 modo
940 2730 1001 2807 ipsi

39 2827 260 2900 obstitissent,
283 2827 473 2888 exstinctum
487 2827 608 2887 fuisset.
629 2828 789 2887 Horreant
809 2841 884 2884 saue
904 2822 1002 2883 medi-

40 2924 159 2989 tantes,
173 2936 265 2995 quem
280 2922 437 2979 terribilis
447 2922 644 2997 cospectatio
656 2918 785 2988 iudicii,
799 2925 830 2977 ct
844 2918 934 2993 ionis
948 2933 1001 2976 ac·

40 3015 177 3074 mulatio
198 3029 249 3072 eos
269 3021 499 3090 consumptura
519 3016 562 3073 cit
576 3013 633 3092 (1),
649 3029 780 3090 quorum
801 3027 895 3087 opera
909 3009 1003 3069 effici·

40 3110 113 3180 tur,
138 3108 175 3165 ut
196 3105 350 3178 schisma,
376 3107 454 3184 quod
476 3123 662 3184 percorum
683 3103 908 3184 poenitentiam
930 3102 1002 3163 tolli

40 3203 158 3277 posset,
182 3199 277 3260 ctiam
298 3200 470 3275 perduret,
492 3202 525 3258 et
546 3217 602 3276 per
622 3199 859 3261 florentissimas
880 3197 1004 3258 Galliae

41 3292 220 3371 provincias
240 3291 392 3352 latissime
413 3295 588 3368 grassetur,
605 3312 640 3353 ac
655 3293 841 3353 invalescat.

102 3517 139 3572 (1)
156 3519 182 3566 S·
195 3516 362 3578 Pon1.Epiat.
375 3516 408 3565 od
417 3517 496 3566 Hebr.
509 3529 565 3578 cop.
577 3519 609 3575 X,
621 3531 647 3568 v.
659 3518 698 3566 27.
