2492 4202
37 283 115 355 stri,
140 300 179 343 ac
212 301 283 342 ven.
312 285 465 358 Fratres,
495 289 528 345 et
556 285 666 344 dilecti
694 286 793 359 Filii,
816 285 1003 349 facultatem

38 376 223 436 absolvendi
253 395 308 452 per
329 369 389 437 Eos
410 377 509 453 ipsos,
533 385 589 438 aut
609 395 665 454 per
692 379 902 456 Presbyteros
924 381 1005 442 dele·

37 475 151 548 gendos
174 489 195 530 a
216 471 324 543 vobis,
345 489 398 530 eos
420 490 538 546 omnes,
560 472 613 548 qui
635 472 702 530 sive
724 473 912 550 illegitime,
935 475 1005 536 sive

36 565 180 641 legitime
196 564 355 646 ordinati,
377 568 434 624 aut
455 565 596 642 integras
618 565 795 641 parochias,
818 571 874 626 aut
896 586 1005 628 earum

37 663 158 733 partem
175 657 365 729 invaserint,
382 661 416 716 et
437 661 526 732 actus
541 657 742 716 exercuerint
761 659 819 717 sibi
834 660 874 735 ab
888 661 1007 738 episco-

36 751 78 826 pis
98 750 240 809 intrusis
261 750 434 827 delegatos,
455 755 548 827 atque
571 752 626 810 hos
641 751 672 808 in
695 752 832 827 gratiam
847 755 1004 814 Ecclesiae

37 843 225 904 conciliandi
239 863 248 915 3
264 843 310 903 ita
337 849 372 903 ut
392 845 439 916 ii,
462 844 553 904 iuxta
581 845 809 920 indulgentiam
839 849 1006 908 memorati

38 939 171 999 Gauonis
188 938 262 997 VIll
275 937 405 998 Nicaeni
420 937 565 1009 concilii,
581 943 785 1014 permaneant
800 939 831 996 in
848 923 943 1000 clero.

88 1034 134 1092 Et
158 1047 200 1090 ne
222 1030 431 1089 absolutiones
445 1030 622 1089 huiusmodi
643 1029 819 1089 Inconsulta
834 1034 1007 1092 concedan-

37 1131 96 1197 tnr,
113 1129 176 1185 aut
199 1123 263 1182 sint
277 1124 361 1182 inter
383 1141 415 1182 se
438 1123 606 1194 difformes,
623 1123 824 1182 inhaerentes
838 1125 903 1184 Nos
917 1142 1006 1201 prae·

38 1220 115 1279 dicto
137 1215 281 1280 Concilio
302 1218 456 1289 Nicaeno,
479 1223 512 1278 et
535 1217 710 1293 benigniori
733 1216 890 1276 Ecclesiae
912 1217 1006 1278 disci·

37 1315 151 1390 plinae,
167 1311 309 1370 iubemus
321 1311 514 1369 intrusorum
528 1309 647 1370 absolvi
662 1291 827 1383 neniinem3
841 1310 901 1370 nisi
914 1313 1003 1388 prius

37 1407 155 1484 scripto
180 1403 356 1463 eiuraverIt
377 1403 511 1462 civicum
534 1407 784 1488 sacramentnm,
800 1405 932 1480 illosque
954 1423 1004 1465 er-

39 1517 142 1573 rores,
173 1496 227 1573 qui
248 1496 338 1554 civili
366 1496 593 1555 constitutione
620 1495 698 1556 cleri
731 1497 881 1572 gallicani
903 1499 1005 1557 conti-

40 1601 173 1664 nentur,
197 1594 230 1650 et
252 1589 314 1649 nisi
343 1591 556 1651 declaraverit
584 1590 745 1667 speciatim
767 1591 811 1668 (1)
834 1593 1004 1670 sacrilegas

39 1705 97 1746 esse
120 1684 340 1746 ordinationes
361 1684 399 1742 ab
413 1685 544 1743 intrusis
565 1684 631 1743 sive
653 1690 808 1762 receptae,
825 1686 893 1744 sive
913 1704 1004 1763 pera·

40 1785 111 1850 ctas3
134 1779 267 1838 irritam
284 1795 356 1842 ¹esse
378 1777 527 1837 collatam
550 1778 589 1836 ab
609 1777 648 1836 iis
668 1779 907 1851 auctoritatem,
923 1779 1005 1841 iniu-

40 1881 183 1950 stamque
204 1876 238 1930 et
258 1871 376 1931 nullam
399 1889 466 1930 esse
489 1871 692 1930 intrusionem
715 1891 776 1931 una
797 1891 865 1930 cum
882 1874 1003 1934 actibus

40 1967 105 2028 inde
133 1966 355 2040 consequutis;
378 1972 411 2024 et
433 1965 492 2023 nisi
521 1965 724 2028 iureiurando
747 1965 949 2042 promiserit,
972 1985 1004 2026 se

39 2061 229 2138 apostolicae
255 2059 327 2116 huic
348 2059 420 2117 Sedi
443 2058 506 2136 (2),
528 2058 742 2134 legitimisque
770 2059 923 2135 episcopis
952 2060 1005 2117 ob·

41 2156 301 2231 temperaturum,
317 2155 350 2209 et
371 2150 431 2208 nisi
450 2151 582 2226 denique
596 2152 795 2227 parochiam,
812 2153 919 2211 eiusve
932 2170 1005 2229 par·

41 2251 97 2306 tem
123 2263 233 2321 reapse
254 2243 468 2316 abdicaverit,
491 2261 659 2320 eorumque
680 2245 816 2305 eiuratio
837 2251 931 2322 atque
953 2247 1005 2307 ab·

40 2339 155 2400 dicatio
178 2337 302 2414 publica
322 2337 432 2410 fuerit,
456 2337 585 2413 perinde
605 2355 641 2395 ac
662 2338 782 2396 crimen
805 2357 924 2416 quoqne
946 2357 1004 2416 pu-

40 2435 153 2493 blicum
176 2430 422 2501 l'nit,.iniunctis
445 2447 551 2489 eorum
574 2430 732 2506 singulis,
754 2441 917 2510 quantum
938 2435 1005 2508 spi-

40 2531 123 2586 ritus
145 2534 178 2586 et
186 2524 368 2600 prudentia
382 2525 590 2600 suggesserit,
606 2532 640 2581 ut
654 2523 743 2583 aiunt
759 2525 936 2584 Tridentini
954 2543 1006 2602 pa·

41 2625 104 2680 tres
127 2619 185 2697 (3),
198 2634 259 2694 pro
274 2619 436 2693 qualitate
456 2618 643 2686 eriminum,
658 2623 689 2674 et
701 2607 939 2690 poeniteutiam
953 2621 1005 2694 fa-

40 2717 161 2774 cuttate
175 2711 374 2770 salutaribus
384 2719 415 2774 et
426 2711 689 2769 conuenientibus
703 2711 1000 2784 satisfactionibus,

41 2807 106 2865 loco
127 2803 270 2882 publicae
293 2805 502 2879 poenitentiae
518 2805 671 2880 graduum
691 2820 766 2877 qnos
782 2805 926 2880 vIgentes
947 2803 1003 2864 Ni-

101 2956 137 3009 (1)
153 2951 267 2999 Einratio
284 2964 398 2998 errorum
415 2951 552 2998 articulata
567 2964 622 2998 esse
634 2949 708 2996 debet
717 2951 790 2996 iuxta
805 2949 848 2996 cit.
866 2950 928 2997 can.
941 2952 1003 2996 VIII

42 3031 148 3077 Concilii
163 3029 278 3086 Nicaeni,
295 3041 342 3076 nec
358 3041 409 3074 non
433 3027 506 3076 iuxta
521 3030 587 3074 Acta
606 3029 712 3075 alterins
729 3026 835 3075 concilii
855 3027 963 3072 Nicaeni
978 3028 1005 3072 II

41 3106 108 3164 apud
117 3106 247 3153 Labbaum
257 3105 300 3152 cit.
312 3105 372 3151 edit.
385 3104 483 3150 noviss.
493 3106 554 3150 tom.
565 3105 622 3150 XII.
635 3105 683 3151 col.
697 3105 766 3153 1008.
777 3103 817 3148 lit.
829 3104 858 3149 II.

103 3184 137 3238 (2)
155 3184 224 3228 Haec
234 3181 345 3228 conditio
361 3192 478 3238 expresse
495 3179 594 3226 adiecta
609 3180 660 3226 luit
675 3181 704 3227 In
719 3180 838 3236 termula,
849 3189 899 3236 qua
908 3175 1005 3234 recepti

41 3259 146 3305 inerunt
162 3258 195 3304 ad
211 3257 412 3304 communionem
429 3255 590 3302 Schismatici
605 3256 634 3300 in
651 3256 762 3302 concilio
774 3253 943 3303 Lateranensi
954 3254 1001 3308 III,

41 3336 70 3378 nt
85 3333 173 3381 videre
188 3334 228 3380 est
244 3333 310 3392 apud
320 3334 378 3380 Nat.
390 3331 514 3378 Alexand.
525 3331 592 3376 HIst.
604 3330 700 3377 Eccles.
712 3345 778 3379 saec.
790 3335 834 3378 XI.
847 3333 873 3379 et
882 3332 940 3378 XII.
950 3329 1005 3376 Die·

42 3413 156 3458 aert.1X.
168 3409 229 3456 edit.
241 3410 319 3456 Paris.
333 3423 374 3456 an.
387 3410 457 3455 1744.
467 3410 527 3453 tom.
538 3407 606 3454 XIV.
616 3419 676 3464 pag.
687 3409 742 3454 868.

106 3487 139 3543 (8)
158 3487 225 3532 Sese.
238 3487 277 3532 14.
289 3498 344 3543 cap.
356 3486 426 3532 VIII.

138 3589 197 3639 vot.
212 3591 239 3640 I.
880 3587 911 3634 21
