2386 4194
239 359 309 416 sent
337 355 485 417 Nicaeam
512 358 550 417 ad
580 357 799 418 celebrandum
827 355 1001 419 Concilium
1036 352 1183 434 Episcopi,

240 451 449 526 opportunum
471 466 536 508 esse
558 450 738 523 censebant,
760 455 795 510 ut
815 450 897 511 idem
918 449 1083 508 interesset
1094 441 1183 523 impet

239 542 340 614 rator,
364 541 401 601 ad
424 558 516 617 quem
538 545 643 618 posset
662 542 852 602 Arianorum
875 558 985 601 nomen
1006 538 1124 599 deferri.
1142 540 1171 597 u

239 635 416 711 Imperator
427 634 565 712 acceptis
576 634 696 695 libellis
710 634 764 712 qui
777 634 837 713 ipsi
852 639 944 696 eraut
959 633 1068 695 oblati:
1080 631 1170 702 «Mihi,

239 728 393 806 coloquii,
415 747 485 790 cum
508 732 597 790 homo
619 731 694 805 sim,
718 731 804 792 nefas
825 734 874 791 est
894 730 1072 792 huiusmodi
1090 743 1183 808 rerum

240 823 483 901 »cognitionem
507 841 668 902 arrogare,
691 843 762 886 cum
784 825 890 902 etqui
911 827 1070 898 accusant,
1090 825 1119 882 et
1135 809 1183 900 quil

239 919 479 992 recensentur,
502 918 687 980 Sacerdotes
708 919 804 979 sint»
825 917 881 998 (l).
904 919 979 979 Alia
999 917 1076 980 item
1096 915 1183 978 multat

238 1010 350 1069 adduci
372 1013 499 1088 possent
519 1010 612 1070 huius
634 1011 759 1088 generis
773 1011 929 1086 exempla3
945 1010 999 1071 sed
1016 1008 1102 1070 nimii
1113 1008 1183 1104 irrep

239 1103 406 1166 manifesta
422 1123 490 1165 esre
505 1105 658 1167 nolumus.
674 1106 759 1173 Quod
783 1105 808 1167 si
830 1108 941 1167 contra
962 1105 1110 1166 afferetur
1125 1101 1183 1182 eiust

238 1196 323 1259 filius
351 1198 555 1260 Constantius
578 1197 765 1260 Catholicae
792 1207 877 1260 certe
896 1197 1063 1259 Ecclesiae
1089 1196 1169 1263 bostis,

237 1292 289 1368 qui
312 1291 372 1352 sibi
393 1293 618 1353 anctoritatem
646 1293 834 1370 arrogabat,
862 1308 954 1369 quam
981 1291 1082 1370 ipsius
1108 1293 1170 1368 pater

237 1403 270 1444 se
292 1404 351 1446 nou
373 1385 488 1447 habere
509 1387 668 1447 confessus
689 1386 813 1460 fuerat,
835 1385 928 1448 facile
949 1390 1000 1447 est
1023 1387 1080 1447 SS.
1100 1383 1183 1476 lue,

238 1478 318 1538 nesii
333 1478 378 1558 (2)
399 1482 433 1539 et
452 1478 640 1556 Hieronymi
661 1477 706 1557 (3)
728 1478 858 1555 scriptis
879 1497 1049 1558 agnoscere
1069 1479 1183 1556 quanto}

237 1588 311 1648 pere
332 1572 390 1633 illa
411 1572 476 1633 sint
496 1573 582 1633 facta
603 1572 767 1633 detestati.
1182 1597 1183 1678 p

248 1687 249 1694 ¹
297 1667 440 1741 Demum,
456 1666 529 1744 qnid
552 1666 636 1728 aliud
659 1664 742 1726 hisce
763 1667 906 1727 Decretis
926 1666 1049 1728 efficere
1063 1668 1183 1742 conver,

218 1763 290 1820 tus
311 1760 437 1832 voluit,
464 1777 557 1837 quam
586 1762 755 1833 evertere,
777 1763 811 1820 et
832 1762 869 1822 ad
891 1760 1030 1820 nihilum
1058 1757 1183 1840 redigen,

236 1854 456 1931 Episcopatum
478 1853 600 1931 ipsum,
622 1854 711 1931 qnasi
731 1854 763 1914 in
785 1854 877 1914 Illius
893 1855 1022 1929 odium,
1044 1848 1171 1915 cuiusui-

238 1946 332 2006 uistri
355 1951 435 2013 sunt,
449 1945 605 2024 Episcopi3
621 1947 733 2023 quibus
754 1951 919 2025 praeterea
940 1962 1120 2024 permaneus
1137 1942 1183 2030 del

236 2040 378 2101 cernitur
406 2038 574 2100 concilium
595 2041 881 2118 Presbyterorum,
904 2042 957 2118 qui
978 2040 1100 2102 Vicarii
1118 2053 1183 2112 nnn-3

237 2132 370 2210 cupandi
397 2135 493 2204 eunt,
522 2136 616 2209 etque
643 2131 699 2207 hi,
730 2136 766 2193 ut
793 2133 949 2194 sexdecim
976 2151 1106 2195 numero
1127 2143 1183 2208 cue,

237 2228 388 2297 debeant,
410 2225 441 2284 in
463 2224 649 2286 civitatibus
676 2227 781 2286 decem
807 2225 908 2287 millia
935 2226 1075 2302 capitum
1102 2217 1183 2302 couti,

237 2319 406 2392 uentibus,
435 2318 596 2379 duodecim
622 2337 720 2393 vero,
743 2319 796 2379 ubi
821 2319 925 2380 minor
945 2326 1032 2380 esset
1053 2329 1183 2380 numeru

237 2412 463 2475 incolentiuml
483 2411 571 2473 Alios
591 2412 668 2472 item
690 2412 862 2473 adsciscere
882 2413 942 2472 sibi
956 2416 1112 2491 coguntur
1123 2407 1171 2485 Epi·

236 2506 338 2584 scopi,
366 2505 440 2566 illos
466 2503 614 2564 nimirum
639 2503 693 2580 qui
718 2505 954 2580 suppresseram
975 2504 1169 2566 Paroeciarnn

236 2601 329 2661 eraut
349 2595 496 2669 Perochi,
512 2597 604 2673 hique
625 2595 746 2656 Vicarii
763 2599 858 2673 pleni
878 2599 963 2655 iaris
981 2597 1183 2688 appellantunq

236 2692 323 2752 cuins
344 2690 377 2750 vi
399 2690 491 2763 iuris,
513 2688 673 2767 Episcopis
694 2688 806 2766 quibus
827 2689 944 2751 addicti
964 2694 1053 2766 sunt,
1070 2687 1183 2750 minima

235 2783 362 2845 obnoxii
390 2801 479 2856 esse,
508 2782 700 2859 subiectique
729 2782 872 2844 debeant.
899 2783 983 2850 Quod
1014 2785 1054 2844 ad
1080 2782 1171 2861 primu

177 2884 186 2892 '
234 2879 384 2956 pertinet,
400 2875 461 2938 etsi
481 2894 590 2936 sorum
605 2877 842 2954 deligendorum
857 2877 1017 2955 Episcopis
1040 2878 1172 2951 relinqua·

234 2976 288 3034 tur
308 2970 490 3044 arbitrium,
507 2970 539 3030 hi
553 2969 613 3047 ipsi
635 2975 737 3031 tamen
760 2971 944 3032 inhibentur
965 2973 1004 3032 ad
1027 2971 1124 3032 ullum
1141 2966 1171 3024 iu·

233 3064 428 3126 risdictionis
448 3067 572 3136 actum,
599 3062 667 3122 sine
692 3063 821 3124 illorum
848 3068 927 3124 nutu
956 3062 1171 3142 (praeterquam

235 3157 513 3238 provisionaliter)
540 3155 699 3230 devenire,
721 3161 881 3218 eteorum
903 3156 1080 3235 quempiam
1101 3173 1118 3214 a
1136 3165 1172 3210 suc

298 3345 332 3400 (1)
350 3343 482 3390 Sozomen.
494 3341 590 3390 Hister.
601 3341 691 3390 eccles¹
702 3341 748 3390 lib.
757 3343 778 3399 1,
790 3355 845 3400 cap.
856 3343 938 3403 xm,
949 3355 1019 3390 num.
1029 3344 1070 3390 25.

297 3421 331 3474 (2)
348 3420 445 3466 Hister.
457 3418 546 3467 Artem
559 3417 592 3466 ad
606 3421 706 3467 Monac.
717 3431 743 3466 n.
756 3419 795 3476 52,
806 3419 867 3466 tom.
882 3420 903 3475 I,
916 3429 986 3478 oper.
1004 3417 1065 3466 edlt.
1082 3416 1172 3464 Vallum

234 3495 480 3627 paggeildvereue
496 3567 689 3617 auctarium.
702 3571 740 3626 le,
752 3569 772 3615 t.
784 3569 819 3625 11,
830 3579 899 3626 oper.
911 3567 971 3616 edit.
984 3567 1096 3618 Vellere.
1105 3581 1127 3626 p·
1135 3562 1173 3610 191-
