2386 4194
218 317 255 377 de
276 316 440 382 Pontiliois
462 319 567 376 mente
589 316 741 378 certiores
763 315 881 390 effecti,
898 332 948 389 eo,
969 332 1031 393 quo
1051 331 1100 393 per
1117 317 1152 374 est

219 411 308 471 modo
332 409 539 471 neeessariam
562 427 651 487 opem
676 427 735 469 non
757 409 874 470 ferant.

279 505 362 564 Puto
382 502 525 581 equidem
547 503 679 563 tidueiee
700 505 738 564 de
760 521 809 562 me
830 505 957 564 vestrae
978 501 1053 564 satis
1072 518 1155 560 eumu-

220 594 285 655 lute
310 595 431 656 ieeisse.
455 595 587 655 Interim
610 612 678 655 sum

421 688 634 749 illustrissimi
655 688 779 749 Domini

279 784 397 844 Romae
412 781 462 841 die
478 782 518 841 12
531 779 652 858 Aprilis
666 781 855 843 Moocxol.

802 871 949 934 servitor
968 889 1064 934 ueras
1174 911 1177 916 -

724 967 764 1026 F.
781 966 822 1026 X.
837 963 934 1027 σανα.
952 964 1127 1026 daZelodu.
1177 1009 1178 1012 ι

335 1245 485 1326 EPIST.
503 1144 794 1316 cnuolfflis
817 1246 851 1314 A
874 1244 1067 1314 ZELADA

431 1417 647 1480 TRIBUS
688 1417 983 1480 PAROGHIS

511 1567 900 1630 DioecesisBituriceusis
922 1563 926 1570 ’

495 1727 732 1788 Illustrissiml
760 1727 912 1788 Domini.

280 1913 357 1973 Oum
377 1930 470 1990 quam
491 1914 529 1973 ad
552 1931 600 1973 me
621 1914 754 1975 dedistis
775 1913 963 1992 epistolam,
994 1929 1063 1974 eam
1089 1907 1159 1970 oculu

220 2004 406 2065 subiecerim
427 2006 547 2066 Summi
568 2006 753 2079 Pontifleis,
776 2006 838 2067 diei
860 2005 916 2066 vix
938 2009 1046 2083 potest
1072 2003 1160 2082 quanto

220 2116 290 2159 oum
312 2099 425 2177 gaudio
447 2104 570 2160 vestros
592 2101 648 2161 ille
668 2100 869 2160 intellexerit
890 2117 1012 2174 sensus,
1029 2103 1094 2161 tum
1110 2110 1161 2174 pro·

220 2197 293 2269 pter
314 2179 394 2265 eam,
410 2211 501 2270 quem
523 2195 561 2254 de
582 2194 640 2254 illo
662 2193 785 2255 hebetis
799 2193 957 2267 fiduciam,
974 2197 1044 2254 tum
1058 2191 1161 2271 propter

221 2285 319 2345 animi
340 2287 736 2362 eonstentiam‘vestram,
766 2304 858 2364 quam
887 2287 972 2347 tueri
999 2285 1127 2365 pergitis
1142 2281 1159 2338 in

220 2379 289 2456 ipsa
310 2381 482 2442 multorum
497 2384 690 2461 deceptione,
706 2385 739 2442 et
753 2381 786 2440 in
801 2381 978 2441 miserande
992 2399 1099 2442 rerum
1111 2374 1162 2438 od·

220 2473 341 2534 lieanae
359 2475 520 2536 Eeolesiee
540 2475 755 2536 conversione.
779 2475 827 2534 Ex
852 2474 1018 2536 Pontifiois
1042 2484 1162 2550 respond

221 2568 259 2628 ad
280 2567 472 2628 cardinalem
487 2569 525 2630 de
539 2569 693 2630 menie
706 2569 792 2642 doto,
807 2569 886 2646 quod
903 2585 959 2627 vos
970 2568 1075 2629 latere
1089 2562 1164 2624 omni-

221 2678 261 2719 no
282 2679 341 2720 non
364 2662 516 2737 arbitror,
532 2668 566 2724 et
580 2682 620 2724 ex
633 2664 755 2725 litteris
777 2680 835 2740 per
855 2662 986 2721 eundem
1002 2659 1164 2721 Pontificem

221 2762 322 2832 nuper
336 2757 373 2815 ad
390 2756 547 2816 Gallicum
561 2757 682 2817 elerum
697 2754 884 2832 conseriptis
898 2754 976 2815 satis
990 2750 1164 2816 intellexisse

220 2864 277 2908 vos
298 2853 397 2926 puto,
420 2850 512 2928 quale
534 2850 579 2911 sit
599 2850 788 2928 apostolieae
809 2848 899 2929 Sedis
919 2847 1070 2908 iudicium
1094 2855 1165 2920 super

220 2942 357 3002 deeretis
379 2942 549 3005 nationalis
570 2945 773 3017 Conventus,
796 2959 875 3020 quae
894 2945 932 3002 ad
954 2941 1085 3001 eivilem
1108 2933 1166 2998 oleri

220 3035 479 3096 constitutionem
501 3037 675 3116 pertinent,
692 3036 830 3114 satisque
845 3035 935 3096 vobis
948 3035 1106 3113 oognitem
1118 3044 1166 3090 essu

220 3133 314 3205 atque
335 3129 546 3206 exploratam,
569 3134 637 3191 tum
659 3129 866 3190 iurisiurandi
887 3129 1094 3206 pravitatem,
1116 3130 1166 3184 tun

219 3222 458 3283 institutionum
490 3223 733 3302 pseudo-eleetis
761 3224 908 3283 datarum
940 3222 1165 3300 indignitatem,

222 3318 289 3376 tum
311 3315 496 3394 sacrilegam
512 3318 812 3394 pseudo-pastorum
828 3315 1167 3386 consecrationem,tun1

221 3427 259 3470 ea
279 3411 402 3470 demum
423 3409 548 3483 omnia,
570 3427 649 3488 quee
674 3410 787 3470 horum
808 3412 1007 3471 decretorum
1028 3410 1063 3468 vi
1083 3406 1167 3468 minu

221 3503 284 3563 rite
306 3506 340 3562 et
361 3505 473 3563 eontra
494 3520 600 3564 omnes
619 3502 785 3564 eanonicus
806 3504 935 3582 regulas
949 3503 1099 3564 haetenus
1111 3513 1168 3558 eon·
