2456 4192
224 285 322 348 (lleri.
344 287 461 350 Noster
487 285 519 348 in
541 289 586 350 'l'e
607 303 715 364 amor,
736 290 854 351 Nostra
878 286 910 347 in
932 289 1077 364 Regnum
1100 291 1197 348 tunm

224 379 322 440 animi
342 379 484 443 inductio
498 382 665 442 tenendam
679 382 777 444 Nobis
790 381 902 444 suadet
914 381 1112 461 singularem
1130 397 1198 440 mo-

225 473 397 534 derationis
418 473 514 536 viam.
529 475 705 552 Numquam
719 475 859 553 proiecto
874 475 1115 547 obliviscemur,
1130 476 1198 536 Nos

224 565 397 626 communis
418 565 558 643 parentis
578 583 740 644 personam
762 585 893 647 gerere,
915 570 1061 646 Tuosqne
1086 567 1199 630 subdi-

225 661 275 718 tos
296 655 329 718 in
350 657 487 719 illiorum
516 676 646 722 numero
668 661 801 735 habere,
825 663 870 722 Te
889 678 968 721 vero
996 659 1102 721 fllium
1127 679 1196 720 esse

224 750 381 813 Ecclesiae
401 746 656 830 primogenitum,
672 753 861 833 proindeque
874 755 939 817 Nos
954 756 1108 831 paternae
1125 754 1199 813 cba-

68 817 73 838 “
186 845 187 850 ’
225 844 334 905 ritatis
361 848 508 923 putamus
535 846 862 924 defuturos-muneri,
884 848 912 910 si
932 851 1000 910 tam
1021 846 1134 908 subito
1158 851 1195 908 ad

223 937 381 1000 Ecclesiae
402 956 490 1001 arma
509 941 744 1003 convolabimus
762 944 874 1004 contra
887 959 940 1002 eos
953 940 1053 1013 illios,
1069 940 1131 1018 qni
1145 943 1196 1001 de·

224 1031 327 1110 cepti,
342 1032 634 1113 inconsideratoque
656 1035 776 1112 impetn
790 1034 927 1113 correpti
942 1034 1048 1113 potins
1063 1034 1193 1094 dicendi

225 1130 317 1200 sunt,
341 1144 434 1204 qnam
455 1127 608 1202 rebelles,
631 1146 667 1189 ac
687 1127 879 1190 refractarii.
902 1128 1020 1190 Nbstra
1043 1127 1113 1189 Nos
1138 1145 1195 1205 pa-

224 1220 339 1284 tientia
359 1225 470 1282 contra
490 1218 615 1281 furores
636 1211 861 1299 pugnabimus,
885 1220 1063 1282 animorum
1087 1221 1195 1281 mobi-

223 1313 330 1386 litati,
355 1315 449 1391 atque
469 1312 700 1375 inconstantiae
714 1313 882 1374 lenitatem
895 1312 1195 1390 cunctationemque

224 1423 432 1485 opponemns;
455 1405 646 1484 caelestique
673 1406 798 1467 Domini
822 1405 979 1485 praesidio
1004 1406 1194 1466 confidimns

224 1499 308 1574 iore,
332 1504 370 1562 nt
389 1500 457 1562 sine
479 1500 545 1562 ullo
570 1500 718 1579 graviore
743 1500 915 1563 clamorum
940 1501 1080 1577 strepitu
1102 1502 1195 1564 Reli·

223 1593 276 1673 gio
295 1593 382 1672 ipsa,
403 1611 482 1671 quac
503 1594 580 1655 adeo
600 1595 639 1656 ad
661 1592 748 1656 vitae
775 1593 980 1667 felicitatem,
1004 1595 1045 1656 ad
1067 1599 1192 1656 rectum

225 1704 331 1749 rerum
352 1687 514 1762 ordinem,
535 1705 572 1749 ac
592 1689 630 1748 ad
651 1688 839 1749 societatum
863 1686 1120 1749 coniunctionem
1147 1693 1193 1748 est

224 1780 420 1856 necessaria,
441 1781 632 1855 reviviscat,
649 1798 685 1843 ac
705 1781 918 1846 inflammetur
938 1780 972 1841 in
993 1797 1105 1842 eornm
1124 1799 1193 1842 cor-

224 1873 330 1947 dibus,
352 1891 428 1952 quos
449 1873 535 1951 ipsae
560 1876 600 1934 ad
622 1873 754 1934 officinm
782 1874 975 1936 revocabunt
999 1890 1191 1944 aerumnae,

224 1964 256 2025 in
283 1983 360 2044 quas
380 1965 495 2026 misere
522 1966 717 2041 inciderunt,
740 1985 782 2027 ex
811 1985 873 2045 qno
894 1967 994 2045 ipsam
1027 1968 1191 2048 negligere

222 2058 434 2138 Religionem,
456 2076 494 2120 ac
514 2076 605 2137 saepe
625 2061 724 2122 etiam
747 2059 948 2122 contumeliis
968 2059 1092 2122 afficere
1116 2065 1191 2122 sunt

222 2152 304 2214 ansi.
319 2154 369 2213 lta
388 2151 540 2230 siquidem
558 2153 657 2215 Nobis
671 2153 858 2232 pollicemur
871 2152 1034 2228 futurum,
1049 2160 1089 2216 ut
1103 2159 1190 2226 vota,

222 2243 334 2322 quibus
355 2241 605 2319 inflammamur,
619 2247 659 2306 ad
673 2245 905 2325 optatissimum
921 2248 1046 2309 tandem
1060 2248 1189 2309 exitum

226 2341 432 2403 deducantur.
985 2371 987 2376 ·

281 2435 347 2497 Nos
367 2438 534 2513 praeterea
554 2437 604 2498 tui
624 2436 728 2515 Regni
749 2437 918 2515 Episcopos
935 2437 1139 2500 hortabimur
1153 2440 1189 2500 ad

221 2527 287 2590 Nos
306 2527 389 2606 ipsos
408 2546 478 2590 cum
499 2529 614 2591 fidncia
632 2531 875 2610 compellandos,
891 2534 927 2592 nt
939 2547 1046 2591 eornm
1059 2547 1191 2610 respon-

223 2619 297 2681 dere
317 2620 542 2696 sollicitudini,
563 2622 668 2702 eisque
686 2623 847 2686 declarare
859 2624 1023 2685 veleamus
1036 2623 1188 2702 quidquid

223 2714 328 2793 aptius
348 2732 415 2775 esse
435 2713 644 2776 iudicabimus
668 2717 707 2776 sd
729 2733 781 2777 eos
804 2714 837 2774 in
862 2716 959 2777 rectis
983 2715 1190 2778 stabiliendos

222 2807 408 2881 annonis,
431 2807 478 2869 ita
504 2810 628 2882 mmor,
652 2812 688 2869 ut
719 2807 759 2870 ab
785 2806 870 2869 omni
893 2807 978 2886 pacis
1007 2808 1190 2871 turbatione

222 2903 386 2973 caveatur,
398 2917 498 2978 neque
512 2899 572 2960 ulli
586 2901 708 2984 possint
726 2901 895 2975 tumultus,
910 2899 1190 2980 insectationesque

222 2992 380 3066 excitari,
393 3010 472 3070 qnae
493 2992 619 3054 omnino
639 2995 673 3054 et
693 2997 937 3073 praecurrerent
956 2993 1144 3071 schismati,
1159 3000 1190 3056 et

222 3090 302 3152 illud
322 3090 425 3169 ipsum
453 3093 730 3167 consequerentur.
753 3092 801 3151 Tn
829 3090 896 3169 ipse
911 3090 1061 3168 pariter,
1085 3091 1191 3153 Garis·

222 3183 299 3244 sime
319 3183 353 3244 in
375 3181 501 3244 christo
515 3180 580 3242 Fili
593 3183 728 3256 Noster,
744 3184 867 3243 eosdem
882 3183 1006 3244 hortari
1020 3201 1081 3244 non
1097 3184 1190 3244 omit-

225 3282 288 3349 tes,
305 3280 342 3338 nt
354 3275 521 3340 Nobiscum
537 3275 726 3337 conveniant
739 3278 778 3337 ad
793 3276 985 3354 reparanda,
1000 3276 1074 3337 dum
1088 3279 1188 3339 adhuc

221 3369 406 3432 medicinam
435 3369 501 3449 pati
524 3374 669 3448 possunt,
691 3369 786 3431 mala.
809 3370 899 3440 Hunc
925 3368 958 3431 in
987 3371 1113 3431 modum
1134 3373 1188 3432 ds·

222 3462 301 3526 bunt
320 3463 542 3530 aberrantibus
561 3461 676 3524 animis
697 3461 835 3540 spatium
855 3463 893 3524 ad
914 3479 949 3524 se
969 3461 1002 3522 in
1028 3462 1114 3522 viam
1136 3477 1186 3521 re-
