2364 4198
619 227 798 288 -254-

230 337 381 397 medelam
403 336 527 408 afferat,
542 334 603 395 et
595 351 626 393 nn
649 335 857 396 humiliorit
827 354 841 395 s
843 339 914 406 tatu
930 337 1085 440 salvetur,
1098 353 1172 412 quau

229 427 260 488 ιιι
284 429 346 490 alio
368 429 543 506 splendenti
565 430 777 510 periclitetur

290 524 407 584 Verum
429 526 480 585 hic
501 527 597 586 etiam
618 526 875 586 considerandum
896 528 959 598 est,
982 526 1064 601 quod
1085 523 1170 582 bom·

229 616 306 674 nius
326 617 531 680 Oardinalatu
552 619 693 690 dimisso,
710 619 1025 695 Archiepiscopatum
1046 617 1167 682 retinuit,

230 714 263 769 et
284 709 315 768 in
337 711 405 788 ipsa
425 713 640 772 cardinalatus
661 713 839 774 dimissione
861 729 1003 772 errorem
1027 730 1086 771 non
1106 710 1169 770 abiu·

230 803 334 878 ravit3
359 805 431 866 hinc
458 806 575 866 sicum
603 807 695 866 lande
717 803 1169 886 recipiuntur„renunciatione·

229 897 365 957 omnium
386 899 669 960 ecclesiasticarum
703 900 893 976 dignitatum
915 917 956 958 ex
982 899 1100 976 spiritu
1118 915 1169 973 poe·

230 991 402 1058 nitentiae.
423 1000 517 1070 atque
537 993 651 1053 humili
673 993 770 1054 animi
791 993 927 1070 impulsu
950 993 1102 1062 emissae,
1116 993 1173 1066 llaec¹

115 1155 120 1166 Ι
229 1082 380 1145 Lemouii
406 1085 625 1158 renunciatio,
647 1103 726 1162 quae
755 1103 815 1144 non
843 1103 948 1144 omues
970 1083 1173 1160 complectiturl

230 1175 421 1252 dignitates,
444 1196 582 1256 quaeque
603 1177 622 1241 a
643 1179 749 1240 debita
770 1177 888 1238 erroris
910 1175 1167 1246 detestatione,ct

230 1269 421 1332 humilitatis
442 1271 557 1348 spiritu
586 1273 680 1350 longe
702 1271 841 1344 recedit,
865 1271 1041 1347 accipiatur
1070 1271 1165 1347 oportet

229 1362 297 1422 loco
326 1380 441 1439 poenae
474 1365 723 1442 privationisque
750 1364 917 1441 dignitatis
948 1365 1157 1430 cardinalitia,

229 1472 321 1560 quam
350 1456 378 1514 ei
406 1457 467 1518 iam
490 1457 723 1531 indixeramus,
748 1475 803 1518 nec
824 1456 926 1516 minus
947 1458 1039 1518 salva
1060 1458 1103 1518 sit
1120 1471 1162 1515 su·

229 1548 335 1623 pensio
357 1548 395 1607 ab
424 1549 575 1609 exercitio
603 1549 747 1623 Ordinis,
771 1550 802 1607 in
832 1567 923 1626 quam
948 1554 1038 1610 certe
1058 1547 1163 1612 incidit,

229 1657 299 1699 cnm
322 1641 489 1702 monitus
482 1660 547 1718 ipse
562 1643 671 1720 (l)‚ut
634 1643 777 1703 uintra
800 1642 969 1702 terminum
983 1643 1174 1742 quadraginta

229 1732 352 1793 dierum
380 1735 514 1795 civicum
543 1739 771 1796 sacramentum
799 1739 1014 1810 retractaret,
1036 1737 1107 1796 huic
1127 1731 1174 1794 ni

230 1826 313 1888 nime
341 1827 485 1904 paruerit
506 1827 666 1904 pontificio
693 1833 882 1906 praecepto,
905 1829 1076 1905 salvasque
1094 1827 1174 1886 etianff

230 1922 295 1982 sint
315 1922 397 1983 aliae
416 1922 581 1982 canonicae
595 1939 728 1998 poenae,
744 1922 856 1998 quibus
869 1921 920 1982 vel
935 1921 1001 1982 iam
1016 1921 1112 1981 factus
1124 1923 1166 1984 est

229 2018 281 2077 vel
303 2018 430 2077 futurus
451 2019 516 2078 erit
536 2016 708 2090 obnoxiae,
725 2018 752 2076 si
774 2021 916 2094 suscepto
937 2017 1044 2077 errori
1064 2031 1168 2094 praeve·

230 2110 393 2170 ricatiouis
406 2111 594 2172 adhaeserit.
608 2113 784 2187 Antequam
801 2127 876 2170 vero
891 2109 1062 2186 quidquam
1076 2111 1166 2168 statua·

230 2221 316 2277 mus,
340 2203 516 2264 sententias
536 2207 660 2264 vestras
682 2204 719 2262 de
741 2220 827 2263 more
847 2203 1055 2281 exposcimus.

524 2297 609 2362 Quid
635 2296 726 2356 Vobis
746 2298 896 2358 violetur?

290 2390 491 2450 Auctoritate
512 2390 737 2467 omnipotentis
757 2391 833 2464 Dei,
856 2394 1039 2450 sanctorum
1059 2392 1156 2466 Aposto-

229 2490 333 2550 lorum
348 2482 450 2555 Petri,
462 2485 497 2540 et
511 2481 616 2554 Pauli,
630 2499 666 2540 ac
680 2483 798 2542 Nostra
812 2481 1009 2542 admittimus
1025 2482 1161 2542 cessiones

229 2576 263 2634 et
277 2574 501 2634 abdicationem
517 2575 729 2633 cardinalatus
744 2592 762 2633 a
778 2572 891 2633 carolo
904 2573 1072 2650 Stephano
1085 2571 1175 2658 dele

229 2671 335 2729 menie
347 2669 385 2728 de
396 2669 542 2728 Brieuue
553 2667 586 2726 in
599 2667 740 2728 manibus
751 2668 876 2730 Nostris
887 2665 1018 2742 factam,
1031 2673 1163 2746 postqum

229 2763 513 2834 declaraveramus,
524 2777 593 2819 eum
606 2760 763 2837 dignitate
774 2759 950 2820 huiusmodi
963 2761 1116 2837 privatum
1125 2757 1164 2826 iri,

229 2855 290 2914 nisi
304 2855 440 2914 ciricum
455 2856 682 2913 sacramentum
698 2856 916 2928 retractasset,
933 2871 996 2914 una
1010 2873 1078 2915 oum
1092 2849 1166 2911 onni-

229 2948 286 3007 bns
307 2946 503 3025 privilegiis,
520 2949 553 3006 et
573 2946 748 3024 insignibus
765 2949 802 3006 ad
818 2947 1006 3026 dignitatem
1021 2943 1165 3009 cardinali·

229 3039 307 3101 tiam
329 3039 551 3117 quovismodo
573 3039 805 3117 spectantibus,
831 3039 878 3100 ita
905 3044 942 3100 ut
963 3041 1031 3119 ipsa
1059 3038 1165 3098 Carolus

228 3133 413 3211 Stephanus
433 3133 598 3194 dimittens
619 3134 763 3211 deinceps
785 3133 871 3194 nullo
890 3135 980 3194 modo
995 3135 1039 3195 sit
1051 3129 1166 3194 cardina·

228 3229 288 3304 lis,
313 3248 368 3290 nec
389 3230 465 3292 talis
488 3231 642 3292 nominari
663 3229 780 3307 possit,
801 3247 898 3307 neque
920 3231 952 3290 in
975 3230 1049 3290 ullis
1068 3225 1166 3288 actibus

228 3325 267 3384 ad
281 3323 511 3384 cardinalatum
527 3323 775 3401 pertinentibus,
791 3327 824 3384 et
838 3324 1001 3400 praecipue
1016 3324 1047 3382 in
1061 3317 1164 3381 electio

230 3434 267 3476 ne
288 3417 401 3478 summi
415 3417 576 3479 Pontificis
598 3435 706 3478 vocem
728 3417 881 3492 activam,
896 3417 949 3478 vel
964 3416 1106 3496 passivam
1121 3411 1164 3468 hu·

292 3533 328 3588 (1)
343 3531 423 3594 Epist.
435 3533 466 3583 N.
483 3534 586 3588 xxvn.
598 3527 622 3585 S.
636 3530 759 3582 Videutea
770 3503 872 3598 itaque,
885 3546 944 3595 pag.
956 3535 1006 3582 154.

1173 3569 1175 3664 l
