2386 4194
233 269 369 348 episcopi
392 272 530 333 viventis
550 272 732 334 invaserat:
754 273 867 338 Qualis
887 277 996 330 amem
1015 271 1057 328 sit
1077 253 1169 344 (inquit

234 378 302 440 cap.
319 363 389 443 1v.)
410 368 471 443 qui
491 369 528 426 iu
543 370 647 429 locum
667 369 808 444 episcopi
827 364 1169 440 circumstrepere

235 457 309 532 ipsc
328 462 490 538 qualitate
510 465 596 542 (acti
615 479 684 522 nou
702 468 805 541 potest
826 451 989 531 dubitari,
1013 475 1071 518 nac
1090 456 1168 514 aaut·

235 551 378 626 paudum
397 565 454 628 cst,
479 573 552 617 cum
573 576 637 620 essa
653 572 858 634 perunum,
874 570 970 633 quam
992 556 1168 632 s'mpcpuctc·

235 662 286 706 res
306 650 386 727 fidei
406 651 605 714 dilacerant.

296 743 339 802 Et
359 761 396 804 re
417 744 540 821 quidem
562 762 652 818 rara,
666 761 759 822 quam
774 744 889 804 merito
903 738 1103 804 abhorruerit
1114 755 1140 796 se

237 852 294 914 per
314 837 454 899 Ecclesia
474 838 514 899 ab
535 837 624 914 illis,
639 839 691 917 qui
714 858 733 900 a
753 838 906 900 laicorum
928 836 1024 898 turba
1044 837 1077 894 et
1096 831 1170 892 colle

238 930 330 990 vione
353 931 530 1012 eliguntur,
552 933 666 1011 quippe
687 934 808 1004 eodem,
831 934 925 1010 atque
947 921 1170 1008 eligentes,lsl·

238 1041 343 1085 sarum
376 1025 555 1103 opinionum
587 1027 697 1087 morbo
729 1027 902 1098 laborant,
932 1023 1014 1086 satis
1049 1033 1167 1097 superque

239 1119 437 1181 demonstrat
459 1121 565 1182 delata
585 1123 786 1198 pereundam
809 1118 1012 1180 tabellarium
1028 1116 1065 1177 ad
1080 1127 1167 1186 nosps-

240 1213 368 1274 storalis
390 1213 547 1292 epistola,
569 1231 661 1290 quam
683 1213 981 1290 pseudo-episcopus
1002 1201 1164 1284 mnpitlpd

239 1305 471 1384 imperitiorum
492 1306 717 1384 deceptionem,
733 1307 785 1366 die
797 1307 838 1370 25
852 1304 1041 1377 Februarii,
1056 1297 1162 1361 edentur

240 1401 369 1463 curavit
396 1418 456 1461 non
484 1401 547 1462 alio
568 1419 642 1462 saue
663 1401 818 1474 consilio,
842 1402 902 1463 nisi
925 1405 961 1460 ut
982 1390 1160 1460 inconsutilem

241 1495 361 1556 christi
383 1501 503 1556 restem
525 1497 732 1558 abscinderet.
746 1497 804 1558 Hic
816 1497 901 1557 anim
923 1495 1027 1572 primo
1047 1492 1171 1552 ineman-¹

242 1588 296 1662 tis,
313 1589 460 1666 periuriis
482 1591 616 1664 seilicet,
631 1590 744 1668 quibus
765 1610 797 1651 se
817 1589 1007 1662 adstrinxit,
1023 1591 1166 1647 comment

242 1681 336 1756 ratis,
351 1684 456 1745 omnia
475 1684 696 1762 complectitur
711 1685 914 1745 fundamenta
927 1680 1072 1741 Gallicae
1084 1669 1168 1738 Cottii·

243 1775 399 1852 tutionis,
421 1796 512 1854 quam
540 1779 607 1838 fere
635 1781 674 1840 de
700 1778 795 1840 verbo
816 1779 853 1836 ad
877 1777 1010 1836 verbum
1032 1764 1166 1834 exscribit·

244 1871 277 1928 et
288 1870 454 1931 sententiis
474 1871 573 1948 ipsius
586 1873 765 1934 Conventus
777 1871 944 1931 inhaerens
958 1871 997 1928 ad
1014 1859 1166 1946 probandi·

243 1963 454 2042 aggreditur,
484 1983 541 2043 per
568 1965 824 2027 constitutionem
853 1962 1036 2024 huiusmodi
1065 1953 1130 2017 nihil
1146 1949 1166 2006 dt

244 2057 389 2135 dogmate
404 2058 542 2134 detrahi,
558 2061 610 2120 sed
628 2060 811 2139 disciplinae
824 2061 949 2120 tantum
964 2051 1119 2117 meliorem
1129 2045 1167 2103 fot

244 2168 327 2210 mam
347 2151 473 2226 induci,
496 2171 625 2230 eamque
646 2155 684 2214 ed
706 2154 846 2232 priorum
867 2149 1065 2210 saeculorum
1085 2137 1165 2220 purit-

246 2247 311 2304 tem
332 2246 477 2308 converti
499 2246 532 2306 in
554 2265 590 2307 ea
611 2246 799 2324 praesertim
820 2249 934 2323 parte,
958 2243 990 2302 in
1013 2257 1075 2320 qua
1093 2226 1172 2314 p0l¹¹⁰ss

246 2336 438 2412 electiones,
454 2343 560 2400 amoto
581 2339 677 2413 clerc,
699 2344 733 2400 at
753 2337 1009 2417 metropolitanis
1033 2321 1165 2396 instituta

247 2449 301 2491 nas
322 2434 630 2514 consecrationesque
651 2437 839 2506 redduntur,
863 2431 937 2492 solis
957 2430 1016 2489 hoc
1036 2429 1100 2488 loco
1113 2415 1167 2516 brit

245 2529 336 2591 ribus
355 2531 470 2593 Gallici
490 2531 670 2592 Conventus
683 2527 820 2590 decretis
840 2527 873 2586 in
895 2524 1034 2586 medium
1054 2511 1172 2582 adduotn

248 2625 351 2702 thue
378 2625 492 2686 melius
519 2625 652 2686 fortasse
678 2624 782 2685 fucum
812 2620 1065 2700 imperitioribus
1089 2605 1166 2669 snut.

247 2717 376 2780 litteras
397 2722 563 2793 memorat,
585 2719 636 2778 die
660 2718 698 2778 l8
711 2715 900 2779 Novembris
922 2712 1001 2774 1790
1022 2713 1058 2773 ed
1072 2706 1124 2768 Not
1138 2695 1167 2751 d*

249 2816 311 2887 tas,
329 2813 458 2893 perinde
468 2832 505 2876 ac
517 2816 544 2874 si
558 2831 629 2874 cum
644 2810 818 2890 apostolica
831 2811 890 2869 hac
901 2809 981 2868 Sede
995 2792 1167 2866 communion

240 2911 415 2968 teneatur:
432 2907 604 2984 deindeque
626 2907 663 2967 ad
687 2904 826 2982 singulos
840 2901 990 2963 dioecesis
1007 2893 1167 2960 ordinetur

248 3017 373 3063 monem
394 3004 595 3073 convertens,
612 3002 773 3072 hortatur,
789 3000 954 3073 monetque
975 3010 1095 3055 omnes.
1114 2985 1167 3084 tii

250 3098 410 3174 tamquam
432 3096 611 3174 legitimum
632 3096 790 3173 pastorem
812 3090 984 3168 excipiant,
999 3091 1033 3150 et
1052 3073 1166 3147 consue

251 3189 369 3250 tionem
392 3191 479 3251 ultro
501 3190 747 3268 amplectantur.

246 3320 250 3328 .
314 3284 379 3346 Vae
401 3284 533 3344 miseret
556 3282 663 3344 Missis
684 3297 741 3359 per
760 3281 824 3341 Nos
844 3276 991 3338 consulto
1012 3246 1166 3346 iis‚t1¹1⁸⁰⁸d

251 3379 348 3438 civile
370 3377 511 3456 regimen
534 3375 714 3455 pertinent,
737 3390 799 3449 qua
819 3372 875 3432 ille
897 3369 1075 3430 temeritate
1100 3347 1167 3452 dubl·

250 3474 383 3534 dandam
412 3471 544 3548 suscipit
562 3465 851 3538 constitmionem,
874 3479 967 3541 snper
994 3445 1167 3522 ecclesiastes
