2364 4198
626 227 664 244 ...
684 195 745 256 aad
766 225 804 243 ..

234 300 294 362 riis
308 301 545 366 adversantium
560 321 599 366 ac
609 302 872 366 insectationibus
885 299 1010 362 obnoxii
1023 299 1054 359 in
1073 298 1167 360 vestris

234 394 310 472 ipsis
331 395 496 470 Ecclesiis;
513 397 569 460 alii
591 397 723 474 denique
742 395 882 458 carceris
902 395 998 456 etiam
1018 394 1165 471 squalorem

233 489 446 563 sustinentes,
468 491 548 567 quod
570 489 760 567 praesertim
785 489 823 550 de
844 491 878 550 te
900 488 1019 550 facturn
1037 487 1123 548 inisse
1139 505 1165 546 er

234 580 299 644 tuis
318 582 440 644 litteris
460 583 692 658 intelleximus,
708 601 780 644 ven.
802 583 844 644 ir.
857 583 1010 659 Episcopo
1029 579 1166 642 &aaa

233 679 294 749 sis,
319 676 431 755 dignus
458 681 643 754 propterea,
666 675 720 754 qui
747 674 865 753 potiori
893 675 987 736 laude
1006 673 1166 743 cumnlcris3

234 787 339 830 omnes
360 771 527 845 praeterea
548 769 595 846 (si
615 772 752 846 quatuor
776 772 901 831 tantum
922 771 1071 828 Pastores
1088 765 1166 826 infeli·

234 862 351 924 nissimi
371 862 590 942 excipiantur)
605 863 672 924 sire
693 866 891 941 praesentes,
910 862 979 924 sive
997 860 1166 923 absentesit

233 956 370 1017 maximo
384 956 488 1016 studio
502 959 596 1033 atque
610 975 666 1034 ope
680 957 914 1030 adlaborentes,
926 961 964 1016 ut
976 957 1107 1027 Nostrae
1119 951 1166 1012 vul

175 1116 177 1120 7
234 1053 387 1127 gerentur
415 1033 600 1126 Epistulae,
630 1053 726 1128 utque
754 1049 975 1110 universarum
1002 1045 1165 1120 Dioepesinn

232 1145 359 1205 Fideles
379 1143 507 1206 Nostris
528 1143 753 1204 monitionibus
772 1145 1032 1204 obsecundarent.

294 1240 492 1316 Quapropter
505 1240 570 1300 Nos
584 1255 653 1299 cum
668 1240 701 1300 S.
717 1240 821 1299 Leone
836 1240 964 1316 marias
978 1235 1160 1315 opimata

233 1341 265 1394 et
277 1335 415 1392 multane
425 1332 582 1410 fiduciam
590 1335 668 1410 piac
678 1333 910 1393 resultationis
923 1333 1156 1408 accipimuset·

233 1419 428 1489 catholicam
447 1427 697 1502 fraternitatem
717 1427 768 1486 ita
787 1427 908 1502 spiritu
928 1425 1011 1504 fidei
1023 1425 1158 1501 ciperen-

233 1523 432 1599 pnoscimus,
448 1529 486 1580 ut
500 1521 649 1581 cordibus
661 1521 779 1580 vestris
791 1520 881 1579 nihil
894 1521 1104 1598 infirmitatis
1115 1517 1161 1574 lae·

232 1617 337 1676 retica
355 1617 455 1692 pessit
475 1617 602 1692 inferre
619 1617 798 1675 tentatio...
816 1615 971 1680 mmsis
984 1629 1063 1691 erpo
1075 1623 1164 1686 mapsa

234 1710 374 1768 locorum
388 1711 569 1770 intervalla
581 1707 645 1768 Nos
659 1710 831 1780 dividant,
848 1711 979 1768 unitate
993 1716 1103 1768 tamen
1112 1701 1164 1784 fidel

232 1803 393 1862 vobiscum
414 1820 525 1862 sumus
525 1844 587 1862 .....
604 1820 677 1862 cum
698 1802 737 1862 dc
756 1810 881 1862 vestrae
896 1803 1165 1879 professionisoor·

233 1894 346 1955 cardia
365 1897 567 1970 ploriamur:
583 1902 715 1957 tantun
735 1903 773 1954 ut
793 1895 838 1954 ait
852 1896 1049 1954 aurilianis
1061 1893 1165 1954 Domine

233 1988 421 2048 constantia
430 1999 655 2064 perseverans,
672 1989 799 2049 dicente
812 1987 983 2063 Apostolos
1003 1984 1165 2047 Vaticanis

233 2082 391 2154 donatum
412 2090 458 2141 est
474 2099 536 2158 pro
558 2079 705 2154 Christo,
721 2099 789 2142 non
809 2083 911 2142 solum
932 2088 970 2140 ut
991 2083 1033 2140 in
1048 2096 1112 2140 eum
1122 2090 1163 2135 cre·

232 2175 341 2248 datis,¹
362 2176 417 2236 scd
437 2179 538 2236 etiam
557 2183 595 2235 ut
613 2193 672 2252 pro
694 2177 751 2236 ille
768 2176 953 2252 patiamini
974 2173 1035 2252 (1).
1056 2177 1161 2249 Angues

233 2269 335 2330 vestri
357 2273 431 2330 sunt
451 2270 620 2332 Nobiscum
641 2287 836 2330 communes:
859 2266 1087 2343 dampnemur
1107 2265 1157 2324 enit

233 2360 355 2438 (veluti
384 2362 510 2424 aiebant
536 2362 743 2424 Sardicenscs
759 2369 871 2439 patres
891 2361 1034 2422 Arianae
1054 2371 1155 2438 perser-

233 2454 329 2516 tioais
350 2460 508 2534 tempore)
524 2458 686 2534 fratribus
704 2455 832 2516 Nostris
851 2456 1073 2530 patientibus,
1095 2461 1121 2512 ct
1133 2463 1159 2508 e·

168 2547 172 2552 ’
232 2567 306 2608 rum
324 2553 491 2627 passiones
511 2549 645 2611 Nostrae
661 2550 815 2625 proprias
835 2549 1059 2620 arbitramur,
1083 2555 1110 2606 at
1124 2541 1162 2601 a

231 2651 317 2703 strae
339 2645 492 2704 lacrimas
513 2659 585 2704 cum
606 2645 722 2703 vestris
742 2643 998 2702 conuniscur'mus
1015 2641 1074 2722 (2).

293 2738 356 2796 Vos
377 2754 497 2814 qaoque
523 2736 660 2796 animum
681 2737 831 2797 Nostrum
856 2735 1072 2796 consolatione
1090 2728 1165 2794 affeci·

232 2829 308 2904 stis,
331 2829 441 2890 dilecti
461 2830 521 2890 filii
543 2829 699 2901 oenomai,
723 2832 757 2889 et
778 2829 905 2906 parochi
925 2829 1083 2906 singulari
1101 2821 1165 2887 lanu

234 2924 335 3003 digni,
348 2925 614 2998 Universitatuns,
632 2928 666 2984 et
679 2924 836 2984 Sorbonae
850 2924 1058 3001 praesertim,
1072 2917 1165 2983 Proie-

233 3035 339 3092 sores,
360 3017 483 3078 virtute
504 3021 702 3094 praestantes
722 3019 757 3078 et
777 3019 814 3076 de
835 3016 989 3094 religione
1010 3016 1044 3075 in
1065 3017 1117 3075 hoc
1132 3025 1165 3086 pt·

294 3201 331 3256 (1)
345 3198 425 3258 Epist
438 3197 616 3246 adllartlnurn
632 3197 811 3255 Presbyterum
827 3185 1162 3246 trecassionorum

233 3273 294 3324 edit.
306 3273 438 3322 meentiss.
450 3275 511 3322 Ant.
527 3275 602 3322 Zatta
611 3285 682 3321 nam.
694 3273 733 3320 ⁷4.
743 3275 805 3318 tom.
816 3274 861 3319 VI.
873 3271 921 3319 col.
933 3269 1034 3319 es.-1roa
1046 3269 1105 3318 B.c.

294 3353 331 3407 (2)
343 3351 423 3412 Epist.
442 3351 475 3398 ad
494 3351 635 3400 Ecclesiam
653 3349 853 3399 Alexandrinam
865 3349 894 3396 in
914 3349 957 3396 cit.
973 3347 1076 3396 collect.
1086 3335 1162 3392 asnaa

231 3428 293 3474 tom.
305 3429 354 3474 111.
365 3427 413 3474 ool.
426 3429 465 3486 tt,
475 3429 525 3475 litt.
537 3428 569 3474 A.
580 3429 607 3475 et
616 3425 684 3485 apud
694 3426 720 3472 S.
730 3425 901 3474 Athanasium
909 3424 1017 3484 apolog.
1028 3425 1062 3470 Π.
1075 3433 1110 3480 op.
1117 3423 1161 3464 ona

233 3503 354 3554 colonias
364 3505 433 3562 1686,
443 3504 504 3551 tom.
516 3505 538 3551 1.
548 3515 608 3563 pag.
619 3503 675 3550 ase.
687 3501 738 3549 litt.
749 3503 782 3550 Δ.
