2516 4196
628 203 667 218 ..
686 168 727 236 en
749 200 787 213 .-

224 287 259 346 ut
279 280 483 362 provisionali
501 280 613 341 saltem
628 280 719 339 modo
738 277 966 358 indulgeamus,
983 296 1043 357 quo
1066 279 1240 358 scilicet⁴

225 380 343 439 formae
364 373 529 436 canonicae
551 372 590 434 ab
618 371 760 434 Ecclesia
780 371 812 432 in
846 390 999 437 novorum
1022 374 1231 456 Episcopa-

225 476 314 533 tuum
335 467 547 530 erectionibus
568 467 719 527 hactenus
739 469 898 541 servatae,
914 483 995 528 nunc
1015 486 1056 528 ex
1073 470 1234 528 Metro·

225 561 449 643 politanorum,
462 545 744 638 Episcoporumque
754 559 946 621 anctoritate
957 560 1049 636 fiant,
1057 565 1095 622 et
1107 580 1237 640 prae--

225 659 358 721 sentatis
379 661 417 720 ad
446 658 593 718 vacantes
615 673 725 730 curas,
751 656 843 717 iuxta
863 675 977 720 novam
999 657 1230 720 electionum

224 752 416 826 methodum,
426 750 521 812 iidem
533 748 585 812 illi
596 749 831 811 institutionem
841 751 1229 828 praebeant,dummodo

225 863 359 920 morum,
375 843 599 921 doctrinaeque
613 843 831 930 eligendorum
845 843 929 904 ratio
947 861 1008 904 nou
1021 845 1153 919 obstet3
1175 866 1229 908 ex

225 941 284 1000 hac
305 937 444 1017 proiecto
465 937 564 1014 Regis
585 937 691 998 delata
718 936 929 1016 postulatione
950 937 1043 998 facile
1071 941 1228 1017 perspi-

225 1031 321 1106 citur,
338 1032 377 1094 ab
398 1050 434 1092 eo
448 1031 514 1108 ipso
536 1029 685 1090 nimirum
702 1029 828 1107 agnosci
850 1031 1057 1109 exquirendos
1079 1050 1161 1097 esse
1180 1034 1223 1092 in

225 1125 403 1200 huiuamodi
418 1124 541 1186 casibus
552 1123 774 1202 Episcoporum
790 1143 907 1196 sensus,
921 1143 1117 1203 aequumque
1136 1128 1225 1204 pla-

224 1239 263 1281 ne
284 1239 363 1294 esse,
379 1237 417 1280 ne
438 1220 504 1280 Nos
525 1217 712 1295 quidquam,
729 1218 790 1278 nisi
810 1219 888 1295 ipsis
909 1218 1047 1291 auditis,
1071 1225 1220 1282 statua-

225 1333 306 1376 mus.
322 1315 438 1374 Vestra
459 1310 560 1390 igitur
581 1309 734 1384 consilia,
759 1311 890 1372 Vestras
910 1311 1122 1390 singulariter
1151 1332 1221 1376 ex-

224 1407 344 1488 positas
359 1405 560 1466 consiliorum
575 1403 717 1465 rationes
730 1423 750 1465 a
764 1404 860 1464 Vobis
882 1404 934 1465 vel
956 1405 1127 1480 universis,
1152 1411 1217 1470 vel

226 1501 383 1580 plerisque
405 1499 598 1577 subscriptus
626 1500 833 1574 exoptamus,
860 1500 951 1576 atque
973 1500 1214 1579 agnoscimus,

224 1613 285 1673 quo
307 1597 465 1672 tamquam
481 1590 669 1670 gravissimo
684 1595 884 1652 monumento
898 1591 1014 1667 innixi,
1030 1596 1215 1658 consulta-

225 1688 327 1749 tiones
347 1690 482 1750 Nostras
504 1701 627 1768 regere,
652 1685 868 1763 moderarique
890 1686 1064 1762 possimus,
1091 1691 1128 1746 ut
1153 1690 1213 1752 ita

224 1781 321 1842 Vobis
336 1784 507 1859 Regnoque
522 1777 791 1840 christianissimo
803 1779 944 1841 salutare
963 1798 999 1840 ac
1020 1799 1210 1858 congruum

226 1875 360 1937 aNobis
387 1873 536 1935 indicium
567 1871 760 1950 proferatur.
788 1876 868 1935 Dum
897 1874 929 1933 in
952 1874 1009 1935 hac
1041 1875 1078 1934 de
1106 1877 1210 1938 vobis

225 1968 459 2047 exspectatione
482 1983 606 2037 sumus,
622 1964 751 2025 iuterim
774 1964 831 2026 illa
851 1985 929 2044 quae
951 1967 983 2027 in
1004 1967 1122 2028 vestris
1144 1988 1209 2032 ex-

224 2065 384 2140 ponuntur
405 2058 553 2130 Litteris,
569 2057 737 2118 sublevant
758 2061 821 2122 Nos
844 2060 949 2138 aliqua
971 2079 1010 2121 ex
1032 2064 1142 2138 parte,
1164 2065 1206 2125 in

224 2155 400 2233 peragendo
421 2152 565 2213 examine
587 2151 723 2211 omnium
742 2153 921 2214 Nationalis
946 2154 1206 2219 Constitutionis

226 2247 443 2309 articulorum.

284 2341 318 2402 Si
340 2339 441 2418 primo
457 2338 662 2416 perlegantur
682 2338 870 2401 assertiones
886 2341 1017 2420 Ooncilii
1032 2343 1204 2404 Senonen-

225 2434 268 2495 sis
282 2432 421 2493 inchoati
435 2450 515 2493 anuo
532 2431 621 2506 1527,
638 2435 748 2495 eontra
764 2434 1017 2496 Lutheranorum
1032 2437 1199 2512 haereses,

225 2528 303 2590 illud
325 2526 465 2604 profecto
488 2527 566 2603 quod
582 2525 664 2586 basis
685 2529 746 2601 est,
762 2529 795 2587 et
814 2527 1052 2590 fundamentum
1066 2532 1204 2592 Decreti

224 2619 404 2684 Nationalis
418 2620 455 2678 de
477 2636 535 2695 quo
550 2617 675 2697 agitur,
695 2636 806 2696 expers
820 2636 886 2679 esse
906 2621 945 2682 ab
966 2622 1104 2704 haeresis
1119 2627 1203 2686 nota

224 2713 328 2775 videri
343 2730 402 2774 non
418 2714 533 2790 potest.
551 2712 603 2772 Sic
617 2713 700 2772 euim
715 2731 747 2772 se
762 2713 936 2791 explicavit
945 2713 1119 2776 Concilium
1133 2715 1199 2794 (l)²

226 2806 335 2868 «Post
355 2807 411 2865 hos
431 2808 537 2867 autem
551 2803 679 2883 ignaros
703 2805 842 2865 homiues
867 2807 1010 2868 surrexit
1031 2807 1200 2870 Marsilius

226 2897 445 2974 »Patariuus
461 2898 549 2959 euius
570 2898 722 2976 pestilens
743 2897 843 2973 liber,
863 2902 942 2978 quod
964 2901 1200 2979 Defensorium

227 3007 245 3048 o
255 2993 349 3067 pacis
370 2994 590 3069 nuncupatur,
617 2990 649 3049 iu
672 2989 846 3052 Christiani
866 2992 971 3070 populi
999 2991 1197 3071 perniciem,

226 3083 502 3159 »procurantibus
522 3072 724 3156 Lutherauis,
742 3101 841 3162 nuper
861 3101 994 3145 excusus
1016 3086 1199 3146 00110110-

226 3190 245 3232 »
260 3174 379 3235 stiliter
399 3174 570 3236 Ecclesiam
585 3175 771 3249 insectatus,
786 3175 821 3236 et
835 3175 973 3236 terrenis
1001 3176 1198 3257 principibus

226 3265 354 3345 »impie
376 3267 585 3344 applaudens,
600 3285 723 3329 omnem
744 3269 902 3330 Praelatis
922 3269 1036 3332 adimit
1055 3271 1198 3332 exterio-

289 3383 323 3438 (lt
340 3383 371 3431 Iu
387 3383 491 3433 collect.
504 3382 590 3431 Lethe
606 3384 667 3432 tom.
685 3384 751 3443 xlx,
765 3397 823 3448 pag.
837 3385 910 3444 11⁵4,
922 3383 984 3435 edit.
998 3388 1088 3436 venet.
1101 3388 1193 3448 (101011,

226 3468 276 3518 que
291 3469 391 3519 semper
406 3459 514 3507 utamur.
699 3467 704 3472 ·
