2492 4202
421 296 459 310 ..
478 264 539 326 293
561 296 598 310 .-

34 392 65 433 ac
90 372 239 433 universo
267 373 339 432 tuae
361 368 436 433 fidei
468 372 632 432 commisso
654 372 743 452 gregi
776 372 991 451 Apostolicam

33 465 283 526 Benedictionem
304 467 504 542 peramanter
526 466 737 544 impertimur.

86 561 203 621 Datum
224 561 360 632 Romae,
383 558 435 619 die
456 559 532 620 XXI
553 558 664 620 Martii
685 559 890 634 MDOGXOIL
914 560 995 620 Pon·
1108 551 1110 556 ’

34 651 169 714 titieatus
190 650 302 714 Nostri
324 669 404 712 anno
423 653 540 713 XVIII.

85 748 203 807 Eodem
235 745 325 806 modo
346 745 476 823 reliquis
508 745 749 823 archiepiscopis
780 748 814 807 et
841 745 993 824 episcopis

35 839 119 917 regni
134 837 325 912 Galliarum,
348 857 465 899 necnon
487 838 639 917 episeopis
659 838 797 917 Yprensi
815 842 849 899 et
867 839 996 917 Spiren-

35 936 67 1008 si,
88 954 124 996 ac
145 935 379 1014 archiepiscopo
402 935 586 1003 Trevirensi
608 937 641 997 S.
659 939 698 999 R.
716 938 741 997 1.
764 935 908 1014 Principi
929 936 995 998 ele-

33 1028 106 1089 ctori
130 1045 189 1107 pro
211 1029 354 1106 partibus
374 1028 560 1089 dioecesium
581 1047 726 1102 suarum,
746 1028 875 1106 quasin
897 1046 994 1108 regno

34 1121 207 1187 Galliarum
228 1122 355 1182 habent.

86 1216 205 1276 Eodem
234 1215 377 1292 exemplo
410 1217 501 1277 datae
529 1217 603 1276 sunt
630 1216 756 1276 eaedem
785 1215 915 1276 litterae
934 1217 996 1277 Ar·

33 1309 225 1387 chiapiscopo
245 1309 430 1386 Mogontino
451 1310 484 1370 S.
500 1312 539 1370 R.
556 1312 581 1370 I.
601 1307 742 1386 Principi
763 1308 915 1381 Electori3
936 1308 994 1368 hoc

34 1405 155 1462 tantum
176 1400 345 1462 interiecto
367 1399 565 1477 discrimine,
588 1421 648 1479 quo
669 1401 701 1472 in
726 1401 775 1462 his
804 1404 876 1478 post
897 1401 996 1462 verba

35 1493 148 1571 primae
163 1493 284 1571 periodi
301 1511 319 1555 a
334 1497 371 1555 ic
385 1497 539 1571 patticam
561 1496 710 1571 linquam
728 1510 928 1554 vernarum»
955 1493 993 1554 ad

35 1588 93 1649 dita
114 1587 204 1648 tuere
226 1587 398 1664 sequentia:
414 1596 452 1646 at
463 1605 523 1665 pro
544 1589 786 1664 opportunitate
808 1588 860 1646 ati
876 1589 991 1664 possis,

33 1683 217 1757 pariterque
239 1680 282 1739 ad
311 1682 392 1740 alios
412 1682 450 1738 io
475 1679 608 1740 Alsatia
637 1678 830 1756 Episcopus,
855 1694 995 1756 quoram

34 1774 121 1835 valde
143 1776 291 1844 interest,
308 1791 376 1834 aon
385 1789 496 1850 pauca
516 1774 781 1834 transmittimus.

458 1969 562 2026 ΙιΧΙ.

343 2089 537 2132 vuuunnamr
558 2088 679 2133 raanan

251 2225 407 2286 IVONI
439 2225 774 2286 ALEXANDRO

269 2374 516 2450 Arctiepisoopo
538 2373 752 2450 Laoduacosi

210 2525 407 2606 PIUS
471 2525 691 2648 ΙΡΑΡΑ
744 2525 810 2602 VI.

149 2728 237 2785 Van.
260 2727 393 2796 haten,
408 2725 560 2784 salutem
582 2727 617 2781 et
635 2723 871 2792 apostoticam

362 2816 658 2876 Benedictionem.
752 2855 755 2862 ,

88 2980 158 3042 Etsi
180 2982 344 3058 perspecta
358 2979 436 3040 satis
455 2980 551 3041 Nobis
565 2985 649 3041 esset
670 2977 786 3040 eximia
807 2978 993 3041 fraternita-

34 3073 73 3132 tis
94 3080 167 3134 tuue
195 3072 309 3150 religio
330 3090 400 3132 cum
421 3072 543 3132 sincera
571 3075 812 3151 inconcussaque
833 3089 911 3150 erga
931 3074 995 3135 Nos

32 3170 65 3226 et
82 3185 202 3229 sacram
217 3167 296 3227 hauc
317 3167 429 3226 sedem
445 3165 610 3226 devotione
625 3167 837 3240 coniunctam,
854 3166 994 3244 praecla-
1031 3177 1032 3182 ’

34 3259 190 3319 riesimnm
205 3262 323 3331 tamen,
339 3261 372 3318 et
394 3275 507 3318 novum
524 3259 687 3337 utriusque
704 3264 924 3337 argumentum
940 3260 995 3320 de·

35 3351 104 3414 disti
127 3353 159 3412 in
181 3351 244 3412 tuis
264 3352 398 3413 Litteris
419 3352 547 3430 scriptis
568 3352 617 3411 die
634 3354 672 3414 14
692 3354 882 3416 Novembris
902 3373 991 3433 supe·

37 3445 126 3506 rioris
147 3445 234 3520 anni,
249 3449 317 3506 tnm
338 3465 395 3524 pro
409 3446 607 3526 tumebas,
623 3464 699 3524 quas
712 3448 810 3509 Nobis
827 3449 866 3509 ad
880 3448 997 3510 Nostri

35 3540 125 3600 entmi
141 3538 384 3602 consolationem
399 3539 569 3618 significas,
583 3541 650 3602 tum
665 3556 721 3618 pro
735 3539 814 3615 illis,
830 3541 991 3618 dequibus
