2498 4200
447 251 624 312 ..247-

59 359 176 419 sedibus
196 360 413 436 expulsiones,
430 360 468 419 ob
489 360 587 420 solam
605 361 832 421 recusationem
848 355 1015 418 emittendi
1108 384 1109 388 ¹

58 452 185 512 ciricum
207 451 422 515 iusiurandum
438 453 494 534 (1),
511 453 681 531 sacrilegas
706 472 861 515 novorum
885 453 1015 530 Episco-

9 607 11 614 ,
58 564 163 623 porum
184 548 453 622 consecrationes,
476 545 596 624 sibique
619 548 818 624 gloriandum
840 565 906 607 esse
927 545 1026 605 vide-.

58 641 147 700 batur
173 641 211 700 ob
236 639 387 702 reiectam
412 641 648 701 institutionem
673 641 807 702 Parochi
835 640 875 701 de
903 637 1016 698 Goma-

59 741 159 806 coare,
184 733 279 794 electi
302 734 437 812 episcopi
459 733 670 794 Versaliensis
692 733 749 816 (2).
773 735 834 794 Sed
863 733 962 794 adhuc
984 750 1016 791 se

59 826 179 888 dubium
202 828 417 904 incertumque
439 845 504 888 esse
520 827 713 901 declaravit,
728 828 755 888 si
770 825 873 888 acrius
889 842 1018 903 urgere·

57 927 106 981 tur
126 939 184 998 pro
205 921 404 997 impetranda
425 919 646 993 institutione,
663 939 724 980 non
748 921 880 980 obscure
894 917 1018 996 signifi-

58 1034 125 1075 cans
146 1033 192 1087 se,
208 1031 250 1074 ae
269 1031 396 1074 sacram
414 1031 597 1090 purpuram
611 1016 750 1072 iniuriis
761 1014 921 1084 obiiceret,
938 1022 1016 1073 taa-

57 1111 122 1170 dem
150 1101 334 1185 aliquando
362 1123 523 1166 cessarem
545 1106 603 1184 (3);
626 1104 751 1166 etiamsi
776 1105 872 1164 fateri
892 1109 1017 1166 coactus

58 1204 168 1276 luerit,
184 1202 373 1262 sententiam
395 1219 482 1260 suam
503 1218 522 1259 a
543 1201 654 1260 multis
675 1199 828 1260 mollioris
850 1197 947 1259 animi
967 1215 1018 1257 re-

58 1297 159 1373 putari
175 1293 234 1374 (4)’.
838 1308 839 1312 ’

109 1389 181 1450 Dici
204 1388 261 1448 vix
281 1391 384 1465 potest
405 1391 522 1465 quanta
542 1387 716 1448 Lomeaias
736 1389 793 1446 hoc
809 1385 952 1462 exemplo
967 1384 1018 1444 in-

58 1483 167 1543 tulerit
182 1485 296 1543 damna
310 1483 442 1543 dioecesi
457 1499 543 1554 suae,
558 1484 595 1540 ut
613 1483 739 1542 constat
756 1499 796 1540 ex
810 1479 930 1539 litteris
945 1495 1018 1555 pro-

59 1577 212 1638 curatoris
233 1575 468 1636 communitatis
482 1574 671 1634 Sunonensis
686 1573 743 1654 (5),
759 1574 871 1652 quibus
886 1573 934 1633 ita
948 1591 1018 1633 cer-

59 1671 116 1731 tior
137 1669 178 1750 fit
199 1687 323 1747 praeses
343 1673 516 1728 conventus
538 1667 705 1744 gallicani:
721 1667 823 1727 Haud
846 1671 945 1728 latere
974 1665 1016 1725 Te

60 1768 186 1824 maino
208 1763 318 1823 debere
335 1772 433 1840 pato,
458 1762 625 1822 domimica
645 1764 698 1822 die
718 1763 923 1822 cardinalem
936 1759 1018 1836 Epi-

59 1875 180 1935 scopum
192 1855 408 1916 Seaoaeasem
421 1865 662 1917 sacramentam
676 1857 800 1916 dimisse
813 1873 834 1915 a
846 1858 914 1932 leye
922 1871 1018 1930 prae-

59 1954 226 2028 scriptam,
250 1957 281 2010 et
302 1951 340 2009 ia
361 1950 421 2010 hac
442 1951 577 2010 civitate
599 1966 663 2010 esse
683 1952 816 2010 ommino
840 1951 1014 2020 nemimem,

60 2047 111 2119 pai
130 2060 236 2104 aooae
258 2043 446 2104 adversetur
466 2044 707 2126 constitutio-ai.

110 2137 264 2214 Exemplo
288 2155 383 2198 voces
408 2136 556 2197 adiunxit
581 2137 760 2197 mollissimi
779 2136 881 2202 ¹animi
909 2136 1017 2194 se'nsus

59 2229 279 2304 praeferentes:
295 2247 365 2289 uam
386 2228 574 2291 adveniente
592 2229 856 2307 quadragesimali
877 2231 1016 2306 tempore

58 2325 244 2402 pastoralem
259 2323 426 2402 evulgavit
441 2323 607 2400 epistolam
623 2321 680 2402 (6),
694 2342 757 2402 qua
771 2322 1017 2383 commentitiam

59 2421 213 2497 quandam
229 2418 416 2479 charitatem
431 2436 507 2497 prae
523 2436 554 2478 se
570 2417 693 2490 ferens,
713 2435 863 2478 excusare
886 2419 1016 2476 conatus

58 2516 102 2573 est
121 2510 312 2589 praestitum
327 2529 345 2570 a
359 2529 392 2570 se
412 2511 650 2584 iusiurandum,
666 2511 796 2587 perinde
817 2528 852 2570 ac
874 2510 901 2568 si
922 2507 1018 2570 mini-

58 2622 100 2665 me
120 2605 202 2668 illud
224 2607 288 2665 suis
308 2603 408 2681 ipsius
429 2603 596 2664 sententiis
617 2605 860 2676 adversaretur,
885 2619 961 2679 quas
982 2602 1014 2660 in

58 2698 195 2757 Oomitiis
223 2696 298 2758 anni
328 2696 407 2756 1765
437 2699 642 2774 exposuerat3
666 2713 764 2772 eoque
798 2693 896 2755 etiam
921 2693 1016 2753 deve-

58 2791 119 2867 nit,
135 2793 173 2851 ut
186 2790 317 2868 populos
331 2789 517 2850 hortaretur
531 2791 568 2852 ad
584 2789 832 2868 amplectendam
847 2804 1018 2863 exsequen-

58 2886 182 2963 damque
210 2880 489 2955 constitutionem,
511 2901 589 2959 quae
617 2899 674 2960 pro
699 2881 902 2941 fundamento
924 2878 1019 2938 habe·

58 2977 107 3039 bat
132 2979 315 3039 libertatem
343 2973 502 3052 cogitandi
530 2975 562 3033 in
591 2977 684 3036 rebus
711 2975 807 3038 otiam
835 2973 1014 3052 religiosis,

115 3177 151 3231 tl)
167 3175 216 3224 cit.
227 3173 308 3232 Epist.
325 3171 350 3228 5.
362 3170 435 3220 Dum
446 3181 516 3218 caro.
537 3225 538 3229 Ἰ

114 3253 151 3308 a>
166 3247 190 3303 t.
202 3248 311 3297 Itidem.

114 3329 150 3384 (8)
166 3325 189 3388 §.
203 3323 254 3373 Sed
265 3322 343 3372 eadm.

116 3405 149 3457 (4)
167 3401 190 3464 §.
208 3399 290 3448 Harae
301 3413 371 3447 oero.

116 3481 152 3538 tu)
170 3482 193 3527 1.
205 3478 341 3525 Februarii
358 3477 428 3524 1791.

115 3559 149 3612 rs>
166 3555 214 3602 Dio
230 3557 268 3602 16.
281 3554 413 3602 Februarii
430 3553 499 3602 1791.
