2498 4200
110 312 158 373 13.
181 309 387 389 Dispensandi
407 311 439 373 in
461 311 560 372 tortio
580 316 614 372 et
633 316 748 390 quarto
770 312 869 390 gradu
883 327 1011 372 consan-

46 403 217 482 guinitatis
238 408 272 465 et
293 404 473 478 affinitatis,
488 405 622 482 simplici
643 409 676 466 et
697 406 811 480 misto,
833 423 892 464 non
911 405 1012 465 solum

47 516 120 558 cum
134 498 338 577 pauperibus,
355 501 408 560 sed
423 499 521 560 etiam
535 517 604 560 cum
620 500 772 562 divitibus
792 500 825 560 in
845 498 1013 560 matrimo-

48 590 110 652 niis
131 597 199 653 tam
220 593 405 666 contractis,
426 612 519 671 quam
539 594 770 655 contrahendis.

111 689 161 748 14.
185 687 390 766 Dispensandi
406 689 505 749 etiam
526 689 558 747 in
580 691 712 748 secundo
733 689 800 749 solo
821 687 958 766 simplici
979 690 1014 748 et

48 780 156 853 misto,
171 781 337 842 dummodo
352 782 440 842 nullo
454 783 544 842 modo
566 782 707 859 attingat
727 783 861 859 primum
881 781 1012 860 gradum

47 873 168 934 tamin
190 874 380 949 contractis,
405 894 497 953 quam
522 875 554 934 in
577 875 799 938 contrahendis
826 894 885 935 non
911 875 1013 934 solum

50 985 121 1026 cum
141 967 345 1045 pauperibus,
360 972 413 1030 sed
433 970 531 1030 etiam
552 987 622 1030 cum
644 970 797 1032 divitibus
819 987 875 1047 pro
895 968 1013 1046 viginti

49 1062 172 1122 casibus
194 1064 330 1124 tantum.
353 1065 466 1125 Omnes
487 1082 563 1123 vero
585 1063 831 1142 dispensationes
852 1062 1014 1123 matrimo-

50 1155 150 1216 niales
166 1175 228 1215 non
244 1157 464 1229 concedantur,
481 1157 540 1216 nisi
556 1175 626 1216 cum
642 1157 794 1217 clausula:
817 1157 1013 1219 <dnmmodo

51 1250 166 1310 mulier
187 1247 280 1326 napta
301 1269 360 1310 non
381 1251 492 1322 inerit,
508 1252 560 1311 vel
582 1251 609 1310 si
632 1255 724 1329 rapta
744 1250 904 1324 fueritin
928 1252 1015 1327 pote-

51 1347 133 1404 state
155 1343 295 1420 raptoris
316 1361 377 1403 uon
399 1344 572 1404 exsistat.»

109 1438 146 1496 In
169 1436 279 1496 libello
300 1440 407 1496 autem
428 1436 603 1497 huiusmodi
625 1436 901 1513 dispensationum,
917 1437 944 1497 si
959 1457 1015 1516 pu·

54 1528 132 1590 blica
154 1529 199 1590 sit
220 1529 423 1604 exhibendus,
445 1531 625 1591 declaretur
645 1547 802 1607 expresse,
818 1530 891 1591 illas
910 1532 1015 1594 indul-

58 1623 121 1698 geri
142 1641 163 1682 a
184 1622 312 1684 Vicario
332 1623 508 1700 Capitulari
528 1641 568 1683 ex
588 1624 734 1702 legitima
754 1642 898 1684 concessa
917 1625 1016 1687 facul·

58 1718 130 1776 tate.
147 1717 220 1793 lpse
233 1721 339 1778 autem
355 1716 500 1778 Vicarius
515 1719 707 1796 capitularis
728 1716 926 1795 (gravissime
948 1719 1015 1779 eius

56 1810 244 1871 conscientia
265 1811 408 1888 onerata)
429 1829 534 1871 omnes
555 1816 588 1872 et
609 1811 749 1888 singulas
771 1811 1016 1889 dispensationes

57 1903 303 1964 matrimoniales
328 1923 346 1965 a
371 1923 403 1964 se
428 1921 587 1965 concessas
607 1908 641 1967 et
660 1905 868 1965 concedendas
896 1903 1015 1964 referre

59 1997 202 2058 teneatur
223 1997 256 2058 iu
285 2002 409 2076 regesto
437 1999 620 2060 authentico
643 2001 723 2077 apud
745 2000 845 2077 ipsum
870 2003 1016 2061 accurate

61 2095 88 2150 et
107 2092 231 2152 occulto
252 2095 416 2166 servando,
431 2111 526 2168 usque
546 2092 579 2152 in
601 2094 682 2153 diem
704 2112 763 2171 quo
785 2097 894 2171 optata
914 2093 1017 2152 Galli-

62 2201 146 2245 oanae
158 2184 318 2246 Ecclasiae
329 2185 546 2263 tranquillitas
557 2187 761 2260 restituatur,
782 2205 850 2246 cum
870 2204 1017 2264 expressa

59 2277 283 2351 declaratione,
304 2279 379 2338 illas
400 2278 496 2340 fuisse
517 2297 678 2341 concessas
707 2284 865 2359 tamquam
887 2300 906 2341 a
926 2280 1016 2341 Sedis

59 2373 255 2450 Apostolicae
275 2373 445 2451 Delegato,
467 2378 501 2434 et
525 2391 595 2434 cum
622 2373 826 2450 inscriptione
856 2375 1017 2436 nominum

59 2465 316 2543 dispensatorum.

114 2560 162 2622 15.
186 2560 394 2620 Consecrandi
417 2559 540 2633 calices,
562 2565 691 2638 patenas
712 2565 745 2622 et
767 2560 885 2622 altaria
908 2564 1017 2638 porta-

60 2651 218 2713 tiliacum
239 2653 325 2713 Oleis
346 2655 449 2713 tamen
471 2654 509 2713 ab
529 2653 680 2731 Episcopo
701 2654 886 2714 benedictis,

117 2748 165 2807 lo.
189 2747 372 2809 celebrandi
396 2748 523 2808 Missam
543 2748 575 2806 in
596 2766 786 2825 quocumque
808 2749 876 2808 loco
894 2747 1017 2808 decenti

60 2841 153 2904 etiam
173 2842 231 2902 sub
251 2842 313 2916 dio,
333 2843 389 2902 sub
411 2847 511 2914 terra,
534 2861 596 2904 una
616 2845 694 2904 hora
714 2847 787 2904 ante
809 2860 970 2916 auroram,
984 2846 1019 2903 et

61 2938 121 3001 alia
133 2943 206 3017 post
219 2939 394 3015 meridiem,
407 2940 454 2999 bis
468 2941 500 2999 in
516 2940 565 2998 dic
581 2941 607 3000 si
622 2941 792 3000 necessitas
806 2943 911 3016 cogat,
925 2939 1016 2998 dum-

62 3033 144 3092 modo
158 3034 308 3093 Sacerdos
329 3032 361 3092 in
383 3033 486 3110 prima
499 3033 595 3094 Missa
609 3051 670 3092 non
692 3033 862 3109 sumpserit
882 3030 1019 3091 ablutio-

63 3141 139 3199 nem,
161 3129 196 3186 et
216 3143 309 3203 super
329 3126 427 3188 altari
446 3125 603 3203 portatili,
626 3129 660 3185 et
680 3123 747 3184 sine
762 3127 949 3185 Sanctorum
970 3141 1020 3184 re-
1106 3161 1132 3218 ¹.

64 3216 178 3295 liquiis,
200 3222 234 3279 et
255 3219 471 3296 praesentibus
492 3219 673 3294 haereticis,
690 3219 822 3298 aliisque
843 3238 1020 3281 excommu-

64 3310 172 3374 nicatis
192 3312 219 3372 si
240 3312 337 3374 aliter
357 3313 511 3374 celebrari
532 3332 592 3373 non
613 3313 715 3392 possit
734 3317 768 3374 et
788 3314 915 3384 nonsit
933 3314 1019 3392 peri-

59 3405 162 3465 culum
184 3405 356 3484 sacrilegii;
375 3407 538 3467 dummodo
560 3407 736 3468 inserviens
757 3406 870 3468 Missae
892 3407 1020 3468 nonsit

65 3497 237 3561 haereticus
258 3499 310 3560 rel
328 3499 623 3562 excommunicatus.
640 3502 759 3562 Caveat
773 3517 849 3561 vero
872 3519 909 3560 ne
930 3518 1020 3579 prae·
