2456 4192
47 375 99 416 cue
118 354 278 433 agebant,
307 356 344 414 ut
373 353 590 416 Catholicismi
617 372 729 416 nomen
754 353 941 425 abolerent,
969 369 1007 413 ac

49 448 310 522 innumerabiles,
335 451 412 525 quot
432 452 582 525 possent,
604 448 717 510 misere
742 447 776 508 in
796 445 1008 525 perditionem

49 545 236 604 inducerent.

99 637 162 697 Nos
183 638 290 697 tamen
311 637 462 698 hactenus
476 635 689 716 Apostolicam
710 633 926 696 continuimus
948 650 1006 694 ro·

55 749 105 790 can
126 733 290 805 Nostram,
306 749 344 792 ne
366 732 467 810 magis
486 730 698 792 irritarentur
712 729 886 790 furentium
900 731 1005 790 Incre-

55 827 186 887 dulorum
207 828 322 902 animi;
344 827 476 889 interim
497 833 602 890 tamen
624 845 681 906 per
695 828 835 906 publicas
848 827 1008 906 privatas-

52 941 99 998 que
112 940 221 999 preces
235 922 383 984 Divinam
397 939 486 999 opem
500 919 673 999 implorare
688 939 747 980 non
763 919 1003 981 intermisimus.

50 1017 129 1076 Nunc
155 1033 234 1076 rero
260 1034 330 1076 cum
362 1018 401 1077 ad
429 1016 574 1077 ultimam
603 1014 773 1093 perniciem
803 1014 1007 1076 nibilominus

49 1109 184 1184 procurri
206 1109 392 1182 videamus,
414 1107 549 1186 amplius
573 1107 672 1168 Nobis
695 1111 800 1167 tacere
822 1107 1007 1184 permissum

49 1221 103 1260 non
114 1220 179 1262 esse
191 1202 410 1264 iudicavimus.
422 1203 471 1264 Ad
483 1202 585 1280 ipsum
600 1200 702 1279 igitur
714 1203 831 1279 Regem
846 1219 902 1280 per
914 1200 1007 1263 huius
1050 1190 1053 1203 '

48 1295 104 1355 diei
123 1295 326 1356 tabellarium
348 1294 506 1356 mittimus
527 1295 718 1357 familiarem
739 1295 771 1354 in
793 1297 918 1356 modum
937 1313 1009 1356 con·
1117 1361 1120 1370 ,

50 1389 176 1467 scriptas
196 1389 362 1462 Litteras,
384 1389 496 1467 quibus
518 1407 588 1449 eum
611 1389 720 1463 omni,
742 1408 803 1467 quo
824 1405 1006 1467 possumus,

50 1482 143 1542 studio
164 1481 289 1543 hortari
309 1482 549 1555 contendimus,
573 1501 611 1542 ue
640 1501 696 1543 sua
724 1482 918 1543 auctoritate
944 1499 1009 1543 me·

56 1579 162 1637 morata
184 1577 319 1637 Decreta
346 1575 490 1649 sanciat,
512 1575 666 1648 roborat,
688 1575 864 1636 confirmet.
887 1577 1006 1637 Verum

60 1683 118 1726 oum
140 1669 246 1728 viram
274 1669 313 1728 ed
341 1668 443 1745 ipsum
471 1685 601 1742 vocem,
623 1687 702 1746 quae
729 1667 829 1728 multo
854 1667 1008 1728 efficacior

54 1763 143 1836 esset,
163 1762 315 1824 adhibere
338 1780 397 1822 non
421 1763 603 1835 valeamus,
619 1763 748 1823 eandem
762 1761 955 1839 requirimus
968 1761 1007 1822 ab

51 1852 118 1930 ipsis
126 1855 165 1915 lV
166 1855 379 1916 enerabilibus
399 1853 560 1933 Episcopis
574 1851 761 1926 Fratribus,
777 1854 889 1931 quibus
911 1856 1007 1916 datur

49 1949 156 2026 Regem
178 1948 310 2024 alloqui,
333 1951 442 2026 utpote
465 1947 525 2026 ipsi
541 1948 579 2007 ob
593 1965 651 2008 sua
668 1946 784 2008 merita
798 1947 1004 2025 peracceptis.

102 2043 187 2103 Unus
208 2042 277 2118 ipse
298 2059 338 2102 ax
359 2041 399 2102 iis
420 2059 476 2116 es,
499 2039 696 2119 maximeque
724 2041 761 2100 ad
790 2043 913 2102 tantam
940 2058 1006 2101 rem

51 2137 260 2210 praestandam
274 2134 414 2208 idoneus,
430 2152 500 2194 cum
516 2152 606 2211 saepe
627 2134 751 2195 dederis
770 2135 933 2212 praeclara
946 2135 1008 2196 aeli

49 2229 90 2287 tni
109 2228 283 2307 specimina
304 2229 336 2288 in
358 2227 542 2288 sustinenda
563 2228 739 2305 tuendaque
754 2246 830 2288 sana
850 2229 1005 2290 doctrina.

46 2322 114 2382 dnm
136 2323 240 2400 igitur
262 2340 369 2382 eorum
390 2321 599 2398 singulariter
621 2321 867 2382 exhibendorum
894 2325 1009 2401 urgeat

46 2416 97 2475 hoc
117 2421 252 2493 tempus,
275 2416 368 2477 valde
389 2416 556 2492 perspecta
577 2414 701 2474 virtute
720 2417 790 2476 Tua
810 2416 1006 2489 confidimus,

46 2508 118 2569 Van.
144 2510 288 2582 Frater,
313 2509 459 2569 Tabana
482 2507 704 2585 gravissimam
732 2527 857 2585 operam
880 2510 1007 2583 sedulo,

50 2605 132 2679 atque
160 2602 297 2680 impigre
325 2603 566 2679 suscepturum,
590 2604 626 2661 ut
655 2601 760 2662 salves
783 2602 1006 2680 Religionem,

49 2696 170 2774 Regem,
191 2714 229 2756 ac
250 2695 393 2757 Patriam
407 2697 519 2756 Tuam.
536 2695 644 2756 Facile
659 2700 747 2757 certe
761 2696 880 2774 poteris
895 2697 1010 2774 optimi

47 2788 136 2867 Regis
161 2773 302 2849 animum
327 2787 498 2860 inducere,
521 2789 557 2847 ut
584 2788 745 2850 abstineat
770 2807 803 2848 se
824 2789 863 2849 ab
884 2788 943 2849 illa
962 2787 977 2848 f
994 2819 1010 2835 ·

47 2883 99 2942 tali
120 2882 294 2954 sanctione,
316 2880 441 2942 etiamsi
464 2880 625 2957 proposita
646 2881 690 2941 sit
710 2899 750 2941 ex
771 2882 904 2941 adversa
917 2883 1008 2957 parte

46 2973 100 3051 ipsi
120 2976 216 3054 plena
236 2972 371 3052 periculi
392 2973 587 3047 resistentia,
610 2990 681 3032 cum
703 2973 866 3034 catholica
888 2972 1008 3034 veritas

48 3086 236 3146 nequaquam
265 3066 331 3128 ullo
359 3070 500 3143 tempore
532 3066 724 3126 dissimulari
753 3065 874 3144 possit,
897 3066 950 3127 vel
971 3085 1008 3128 eo

47 3163 144 3222 animo
164 3164 205 3223 ad
226 3163 368 3235 eandem,
390 3159 522 3220 mutatis
551 3176 658 3220 rerum
685 3158 944 3234 circumstantiis,
960 3177 1011 3220 re-

48 3257 199 3316 vertendi.

102 3349 134 3408 Si
156 3348 207 3408 his
227 3347 369 3408 sensibus
388 3346 580 3425 Euangeliou
605 3345 697 3423 plane
726 3345 759 3405 vi
787 3347 868 3426 apud
889 3348 1008 3425 Regem

49 3441 224 3518 institeris,
249 3441 506 3520 quemadmodum
528 3442 573 3500 Te
597 3457 655 3516 per
676 3439 792 3501 merita
818 3444 855 3503 D.
871 3441 911 3502 N.
928 3442 954 3500 I.
971 3441 1006 3502 Ο.

50 3535 253 3612 obsecramus,
276 3553 421 3614 magnam
442 3533 598 3613 erigimur
618 3533 652 3593 in
673 3551 772 3610 spem,
795 3538 830 3595 nt
852 3536 917 3593 tam
939 3533 1009 3611 glo-
