2498 4200
426 204 605 264 -257-

38 329 152 386 vosque
179 310 262 388 ipsos
290 327 416 387 sperare
445 311 613 385 fecerunt,
637 312 765 372 minime
794 310 995 385 dubitamus,

38 406 109 482 quin
132 423 169 463 ex
189 405 230 463 iis
251 405 367 464 vestris
388 404 509 466 litteris
530 409 594 466 tam
621 423 693 465 vere
715 425 734 466 a
754 405 854 478 vobis,
871 424 907 466 uc
928 409 995 466 tam

37 499 183 570 studiose,
206 499 416 575 ardenterque
438 498 622 577 perscriptis
652 499 729 559 illud
758 502 995 560 consecuturum

37 592 86 663 sit,
109 594 147 650 ut
166 609 223 650 rex
247 591 312 667 ipse
333 594 456 652 demum
479 593 601 652 solutus
623 611 641 652 a
661 592 852 670 captivitate
868 592 926 652 sibi
941 611 997 669 per

36 684 162 760 populos
184 702 257 743 suos
270 683 373 758 illata,
390 687 514 763 iamque
536 686 629 758 liber,
647 686 763 746 vestris
778 685 846 746 illis
860 686 998 764 egregiis

37 778 190 838 excitatus
219 776 357 836 stimulis
379 779 410 836 iu
433 779 537 855 regios
565 797 598 838 se
625 779 762 839 extollet
784 779 938 855 spiritus,
961 796 998 839 ac

36 871 67 928 ad
88 869 277 947 religionem
306 875 555 948 potestatemque
587 889 674 932 suam
706 871 926 932 vindicandum
948 890 998 931 re-

37 966 263 1040 vocandamque
284 963 507 1025 inflammetur.
530 967 609 1024 Dum
639 965 671 1022 in
701 966 758 1024 hac
781 963 897 1024 fiducia
917 982 998 1025 nune

38 1057 199 1134 praecipue
222 1075 347 1131 sumus,
370 1062 527 1136 Deumque
549 1059 708 1136 Optimum
733 1057 904 1118 Maximum
927 1076 999 1135 pre-

37 1169 151 1224 camur,
176 1155 214 1210 ut
234 1157 364 1211 conatus
385 1159 509 1212 vestros
532 1171 588 1213 sua
615 1170 672 1229 ope
690 1151 907 1230 praesidioque
927 1169 999 1227 pro·

39 1246 126 1305 vehat
147 1263 185 1306 ac
208 1245 367 1318 secundet,
390 1246 519 1305 interim
541 1247 717 1324 singulares
732 1245 824 1306 vobis
845 1245 999 1322 persolvi·

38 1355 97 1397 mus
120 1349 179 1414 pro
202 1337 262 1397 hoc
283 1340 445 1415 praeclaro
466 1343 574 1401 vestro
596 1341 628 1399 in
650 1343 714 1402 Nos
740 1339 839 1401 officio
861 1327 996 1416 gratias,

40 1450 67 1490 ac
84 1432 224 1492 invicem
241 1432 272 1491 in
288 1432 443 1508 plurimae
465 1437 590 1494 nostrae
607 1435 774 1495 charitatis
789 1433 999 1494 existimatio·

41 1524 138 1601 nisque
153 1529 389 1600 argumentum,
405 1528 608 1603 apostolicam
631 1527 880 1587 benedictionem
895 1527 996 1602 vobis,

43 1617 232 1678 dilectissimi
254 1619 287 1675 in
308 1619 434 1678 Christo
457 1619 517 1679 filii
542 1620 656 1694 nostri,
679 1638 718 1680 ex
740 1621 853 1680 intimo
866 1623 997 1696 paterno

42 1712 121 1770 eorde
146 1712 362 1788 depromptam
383 1714 597 1774 amantissime
622 1714 835 1790 impertimur.

90 1807 208 1864 Datum
238 1807 354 1865 Romae
376 1806 425 1865 die
447 1808 475 1867 V
496 1807 640 1867 Octobris
662 1808 851 1882 MDGOXOI,
867 1806 998 1867 Pontifi-

43 1900 120 1958 catus
144 1897 257 1958 Nostri
277 1915 359 1957 anno
381 1900 482 1958 XVII.

363 2083 366 2090 '
460 2077 571 2134 ΙιΙΙΙ.

327 2162 456 2240 brunone
477 2197 559 2238 sium
579 2197 704 2240 uosrso

66 2335 264 2396 DOMINIGO
286 2336 319 2395 S.
335 2323 428 2398 R.E.
443 2337 719 2398 PRESBYTERO
740 2338 965 2399 GARDINALI

354 2428 670 2490 RUPEFUOALDIO

239 2573 488 2651 Arcbiepiscopo
509 2573 761 2651 Rotbcmapensi

263 2735 420 2856 rins
468 2735 648 2812 euru
694 2735 761 2812 vi.

92 2941 229 3001 Dilecto
242 2937 314 2996 Pili
326 2904 474 3007 Noster,
489 2936 640 2993 Salutem
662 2939 697 3028 et
710 2935 959 3006 Apostolicam·

364 3030 659 3088 Benedicticnem.

94 3201 209 3262 Officiis
222 3200 305 3274 tuis,
321 3198 437 3259 dilecte
448 3197 496 3258 fili
518 3198 640 3271 noster,
657 3199 860 3257 vehementer
884 3197 999 3274 gaude-

45 3305 124 3369 nus,
146 3312 226 3372 quae
247 3293 442 3372 potissimum
465 3291 544 3350 fusis
571 3308 627 3366 pro
647 3291 745 3352 Nobis
766 3294 803 3351 ad
830 3290 997 3351 Dominum

46 3385 301 3449 obsecrationibus
320 3387 592 3458 continentur,ac
607 3402 645 3442 ex
660 3384 700 3443 iis
722 3384 839 3460 optima
860 3383 999 3461 capimus

46 3479 136 3543 divini
162 3501 239 3560 erga
258 3483 322 3544 Nos
342 3483 375 3540 et
396 3478 588 3538 commissam
602 3477 701 3540 Nobis
721 3476 890 3538 Ecclesiam
911 3495 1000 3554 prae—

131 3603 191 3655 Vol.
208 3605 235 3654 Ι.
875 3603 905 3650 17
