2364 4198
623 210 804 274 -202-

619 349 804 408 11111.

368 447 435 520 EX
457 449 727 570 evomuere
749 451 1051 522 SANCTISSIMI

458 627 586 688 Habita
605 628 659 687 die
680 625 722 688 15
742 625 832 688 Maii
853 625 949 688 1791.

290 783 511 846 Sanctissimae
523 784 675 846 Dominus
685 785 803 847 Noster
812 786 891 847 P1us
904 784 1014 846 divina
1028 785 1164 864 provides·

225 878 276 940 tis
295 881 360 940 ΡΡ.
376 880 421 939 Vl
434 880 472 939 ob
486 879 691 941 rationabiles
712 898 822 941 causas
836 877 903 940 Sibi
924 883 1031 954 notas,
1045 879 1163 941 attentis·

228 991 288 1051 que
315 971 534 1051 praesentibus
555 972 766 1050 peculiaribus
790 972 1041 1034 circumstantiis
1063 971 1175 1066 catholi-1

228 1084 335 1128 eornm
357 1067 390 1126 in
412 1065 599 1127 civitatibus
618 1085 654 1128 ac
675 1066 866 1127 dioecesibus
890 1067 947 1126 sub
973 1067 1106 1127 dominio
1122 1068 1175 1128 lte-l

228 1161 277 1239 gis
298 1159 561 1223 christianissimi
582 1160 855 1233 commorantium,
870 1160 1058 1223 facultatem
1078 1159 1161 1220 tribuit

227 1257 268 1316 R.
281 1256 319 1314 P.
331 1256 369 1315 D.
381 1254 518 1314 Antonio
546 1254 720 1316 Zondadsri
747 1254 992 1332 archiepiscopo
1022 1253 1159 1323 Adaneud,

226 1346 277 1407 uti
297 1363 404 1408 sacrae
425 1337 686 1424 congregationis
706 1348 743 1407 de
763 1347 973 1426 Propaganda
991 1347 1073 1408 Fide
1086 1349 1156 1408 Seue

227 1439 324 1514 tario,
345 1438 517 1517 recipiendi
538 1458 575 1502 ac
596 1438 755 1499 referendi
775 1439 885 1500 Eidem
903 1439 1176 1514 Sanctissimae

226 1551 287 1593 non
308 1534 493 1612 expediendi
516 1533 685 1594 instantias
705 1551 742 1593 ao
762 1533 933 1610 petitiones
954 1535 1043 1609 illas,
1063 1531 1159 1611 quasit

174 1667 176 1674 ι
227 1631 385 1707 posterum
406 1629 583 1706 promoveri
606 1627 778 1706 contigerit
799 1631 864 1688 tem
886 1628 997 1689 favore
1023 1626 1162 1690 catholico

225 1739 296 1782 rum
317 1721 349 1782 iu
370 1721 438 1782 illis
457 1721 600 1798 pertibus
620 1721 812 1798 degentium,
832 1737 924 1798 quam
946 1739 1005 1799 pro
1028 1737 1162 1782 conseru-

226 1812 312 1875 tione
332 1832 369 1875 sc
390 1813 539 1873 ulteriori
559 1813 651 1874 Fidei
672 1814 910 1893 propagatione,
932 1815 1039 1876 instar
1059 1816 1177 1880 aliorum

225 1906 376 1980 locorum,
398 1907 431 1966 in
453 1907 565 1984 quibus
587 1910 774 1984 grassamur
792 1909 947 1969 haereses:
965 1927 1118 1988 quousque
1133 1891 1177 1966 ta*

223 2019 294 2062 meu
306 2018 418 2061 censae
429 2003 463 2060 et
474 1999 730 2060 circumstantiae
743 1999 919 2060 huiusmodi
932 2001 1162 2079 perduraverint

735 2093 775 2154 L.
789 2091 1106 2158 cardamomum.
1177 2107 1178 2162 l

653 2326 757 2384 xm.
793 2275 811 2314 ⁸
909 2329 912 2336 ¹

304 2441 360 2502 so
381 2441 414 2500 s.
431 2441 636 2540 eouonno.
652 2443 705 2504 nn
719 2443 998 2506 rnoraoauos
1013 2447 1108 2507 rme

224 2703 228 2712 .
281 2644 461 2708 lucdovicus
474 2647 615 2707 Renatus
631 2647 797 2708 Eduardus
816 2647 994 2708 Cardinalis
1016 2649 1056 2708 de
1077 2648 1163 2710 Rolss

220 2739 389 2819 Episcopus
403 2739 599 2817 Argentinue
620 2739 786 2800 humiliter
807 2742 954 2819 exponit,
978 2743 1060 2819 quod
1079 2742 1164 2818 vigore

220 2835 341 2896 Indulti
356 2833 451 2895 huius
466 2851 571 2895 sacrae
584 2835 845 2913 congregationis
859 2835 1060 2913 dispensandi
1074 2835 1104 2895 in
1118 2839 1162 2893 ter

220 2929 268 2990 tio
282 2931 316 2990 et
328 2932 441 3007 quarto
452 2930 551 3007 gradu
563 2929 845 3007 consanguinitatis
857 2933 892 2992 et
905 2928 1082 3004 affinitatis,
1094 2925 1163 2989 debet

218 3021 287 3100 ipse
311 3021 379 3082 sive
401 3021 469 3081 eius
489 3007 687 3099 Suffregenei
710 3021 890 3100 vicariique
919 3023 1084 3099 generales
1107 3016 1163 3101 (sul

218 3131 318 3194 wenc
338 3114 500 3176 nullitatis
514 3115 679 3194 ipsiusmet
692 3115 827 3195 Indutti)
841 3115 958 3176 similes
977 3111 1162 3194 dispensatio

217 3225 274 3268 nas
294 3207 328 3268 in
348 3208 477 3286 seriptis
498 3211 687 3282 concedere,
710 3209 942 3286 earundemque
964 3211 1069 3270 notam
1089 3209 1119 3267 in
1136 3204 1164 3264 li·

217 3299 285 3361 bris
305 3299 373 3361 sive
395 3303 530 3381 regestis
557 3302 670 3362 fecere.
694 3302 797 3362 Sicuti
823 3306 929 3362 autem
950 3303 983 3362 in
1004 3300 1163 3364 actualibus

217 3394 309 3473 regni
323 3394 447 3456 Galliae
462 3394 708 3455 circumstantiis
728 3394 768 3454 ob
787 3395 915 3457 decreta
928 3396 1105 3458 Conventus
1115 3393 1163 3454 ue

218 3487 357 3565 tionalis,
379 3486 564 3566 quicumque
585 3489 836 3565 Repraesentens
864 3489 1104 3563 ecclesiasticus,
1121 3480 1161 3562 qui
