2492 4202
451 200 629 259 -277-

42 307 135 366 alios
151 306 328 381 prosimos
344 306 521 381 rerepente
547 303 615 364 dies
635 322 697 381 pro
718 305 818 366 tertie
838 306 1021 368 monitione

43 398 263 476 assignamus,
287 399 447 456 monentes
469 395 602 460 scilicet:

109 492 142 551 1.
168 489 353 566 Sacrilegos
374 488 589 568 episcoporum
611 489 807 550 intrusorum
820 494 1020 552 consecrato-

45 604 111 658 res,
138 603 196 644 seu
218 583 419 656 adsistentes,
444 580 596 644 Gerolnm
616 583 816 644 Mauritinm
840 587 1021 662 episcopum

45 677 390 755 Aepestodnnensem,
401 677 560 738 Ioannem
567 677 753 754 Baptistem
764 679 945 756 episcopum
956 679 1022 739 Be·

41 773 189 850 cylonis,
206 777 238 830 et
253 768 411 830 Ioannem
425 769 595 847 Icseptnm
610 772 789 847 episcopum
800 770 942 844 Liddec,
965 771 1019 850 qui

44 864 313 942 quemadmodum
326 863 530 924 funestissimi
546 865 724 924 schismatis
738 867 895 939 auctores,
907 866 945 925 ob
958 865 1023 942 pri·
1113 875 1116 882 '

45 976 129 1030 mas,
150 975 230 1034 quas
251 957 356 1016 iacere
378 960 453 1016 sunt
473 957 562 1029 ausi,
585 957 1021 1036 pseudo-episcoporumcon-

45 1051 266 1123 sacrationes,
286 1050 401 1111 ceteris
415 1052 556 1111 omnibns
572 1051 740 1112 atrocitate
763 1051 906 1112 oriminis
920 1053 1022 1128 praei-

47 1149 184 1217 verunt,
208 1142 256 1203 its
276 1161 411 1220 aequum
433 1148 493 1219 est,
511 1148 546 1204 ut
559 1145 654 1221 primi
670 1144 807 1204 omnium
820 1148 1017 1220 moneantur,
1091 1209 1098 1220 ,

45 1242 80 1298 et
93 1238 137 1298 ad
155 1236 296 1295 debitam
312 1236 562 1296 emendationem
577 1237 769 1298 excitentur.

110 1332 144 1392 2.
172 1329 288 1390 Omnes
313 1331 608 1407 prendo-episcopos
636 1335 802 1403 intrusos,
830 1331 883 1408 qui
907 1332 1021 1409 absque

45 1423 223 1496 electione,
240 1421 452 1495 ordinatione,
462 1425 494 1482 et
508 1424 655 1484 missione
672 1423 819 1501 legitima
833 1425 1023 1503 episcopales

48 1516 149 1576 Sedes
171 1533 243 1574 cum
265 1514 480 1587 retentatum
504 1534 602 1575 novae
626 1519 659 1575 et
681 1515 869 1594 illegitimae
890 1518 1023 1579 erectio-

50 1610 99 1668 nis
115 1609 318 1679 invaserunt,
333 1625 464 1683 quarum
480 1609 646 1685 pleraeque
662 1609 816 1685 legitimis
831 1614 1022 1686 occupantur

50 1701 267 1780 praesulibus3
283 1719 361 1779 quae
382 1720 458 1761 vero
480 1721 596 1762 vacuae
610 1707 712 1772 erant,
730 1720 786 1778 per
801 1701 942 1762 Viearios
963 1704 1023 1766 Ga·

50 1795 210 1874 pitulares
235 1795 427 1871 regebantur
452 1798 489 1857 ad
514 1796 599 1873 leges
629 1814 647 1855 a
675 1794 862 1854 Tridentino
892 1797 1021 1856 concilio

51 1888 280 1967 praescriptas.

113 1984 146 2043 3.
164 1981 449 2059 Arctiepiscopnm
470 1983 702 2054 senonensem,
718 1983 899 2058 episcopum
917 1981 1023 2040 Aere·
1045 2058 1050 2068 .

51 2079 249 2146 tianensem,
272 2077 453 2151 episcopum
471 2075 707 2146 Veneriensem,
724 2082 755 2135 et
769 2074 904 2134 Petrnm
915 2073 1023 2134 Fren-

54 2182 176 2240 ciscem
197 2177 389 2238 Merceltnm
409 2176 604 2236 senonensis
631 2177 864 2252 archiepiscopi
886 2173 1024 2236 Goedie·

54 2281 169 2343 torem,
185 2287 317 2347 quorum
332 2268 427 2345 primi
449 2271 537 2339 tres,
560 2268 621 2327 etsi
643 2268 789 2328 canonice
811 2270 1022 2346 episcopatum

53 2362 250 2441 acceperint,
267 2359 335 2422 ausi
350 2364 423 2421 sunt
439 2364 542 2420 tamen
558 2360 734 2422 alienarum
749 2362 936 2423 dioecesium
952 2381 1024 2440 par·

57 2465 105 2519 tes
126 2457 303 2525 invadere,
325 2459 358 2515 et
379 2458 486 2531 partes
514 2471 641 2514 suarum
666 2454 853 2516 dioecesium
882 2458 1024 2517 derelin-

53 2569 155 2630 quere
177 2551 268 2610 iuxta
281 2549 459 2608 Conventus
482 2547 651 2608 nationalis
673 2550 820 2610 decreta:
843 2568 948 2610 omnes
969 2569 1023 2612 au-

57 2651 133 2717 tem,
151 2643 407 2720 quemadmodum
430 2641 525 2701 ctiam
548 2640 681 2717 episcopi
703 2647 946 2715 consecratores,
968 2659 1021 2701 seu

55 2737 260 2808 adsistentes,
283 2735 446 2811 cunctique
468 2732 603 2810 episcopi
619 2732 746 2808 intrusi,
761 2734 859 2795 veriti
875 2754 933 2793 non
949 2739 1023 2794 sunt

58 2851 91 2891 se
113 2829 267 2890 subiicere
289 2827 381 2887 civili
403 2817 622 2887 constitutioni
643 2826 721 2886 cleri
742 2844 799 2920 pqr
819 2827 952 2887 civicum
974 2845 1023 2888 sa-

56 2924 255 2982 cramentum
277 2938 367 2996 pure,
383 2924 417 2980 et
438 2919 627 2997 simpliciter
647 2919 848 2995 praestitum,
864 2921 944 2996 quod
958 2923 1023 2982 Nos

59 3019 91 3076 in
114 3014 238 3075 litteris
259 3013 311 3073 die
334 3014 370 3072 13
393 3012 504 3090 aprilis
527 3011 609 3071 datis
639 3029 786 3072 errorem
806 3016 951 3072 emnium
972 3032 1023 3078 ce-

58 3117 220 3170 nenetnm
241 3110 364 3184 sontem
384 3114 415 3166 et
436 3107 600 3181 oripinem
614 3122 679 3164 esse
694 3103 933 3166 declaravimus.

122 3205 153 3262 4.
170 3202 348 3272 Percotes,
372 3208 403 3260 et
424 3201 506 3258 elios
526 3201 642 3275 qeoce‘s
663 3201 794 3258 nomine
814 3215 927 3259 cerem
948 3201 1024 3260 eni-

60 3311 192 3356 mernm
215 3303 400 3356 secernentes
420 3296 459 3353 in
480 3294 577 3353 titnto
587 3337 597 3371 ,
624 3292 700 3370 qni,
722 3293 1024 3370 praeterquamquod

63 3387 217 3466 sacrilego
238 3388 294 3448 illo
316 3406 348 3448 se
370 3386 573 3447 iureiurando
594 3386 787 3462 polluerunt,
803 3385 869 3446 sive
882 3386 1024 3464 integras

63 3481 252 3542 invaserunt
271 3479 431 3556 paroecias
453 3483 516 3540 tam
538 3479 679 3553 veteris,
696 3497 787 3556 quam
809 3497 908 3541 novae
930 3485 964 3541 et
984 3480 1024 3543 il·
