2498 4200
246 367 344 428 reuda
364 365 425 443 ipsi
446 369 546 439 esset,
563 366 618 426 Dei
640 384 696 439 ne,
712 383 752 427 an
774 367 934 428 hominnm
949 366 1137 438 auctoritem
1152 383 1194 425 rc·

246 459 325 537 ligio
339 478 389 532 ne,
402 477 441 520 an
456 459 624 536 apostasia3
636 463 794 536 tamqnam
810 477 827 518 e
841 460 973 546 collegio
986 462 1092 520 vestre
1104 477 1196 536 egres·

248 571 318 627 sus,
344 553 448 613 minus
477 557 623 631 apostata
649 571 685 614 aa
712 554 920 615 refractarius
942 558 1044 629 esset,
1067 554 1120 631 qni
1136 571 1197 612 con·

247 647 375 723 temptis
396 647 452 708 Dei
470 653 504 708 et
523 648 680 709 Ecclesiae
694 648 816 726 legibus
836 647 923 725 sequi
945 666 1006 708 uon
1028 647 1196 724 expavescit

247 757 283 801 aa
303 741 411 802 fovere
432 742 667 804 constitutionis
688 761 823 803 errores.
839 745 957 804 Notum
978 761 1056 804 vero
1077 746 1143 815 est,
1159 758 1196 800 sa·
1220 739 1221 750 ¹

247 837 441 895 aramentum
472 855 491 897 a
522 836 735 897 cardinalibus
765 838 923 913 praestari
955 837 1110 910 solitum,
1142 851 1196 893 esse

246 934 441 990 sacramento
462 929 679 1004 simillimum,
700 931 779 1007 qnod
802 931 840 990 ab
862 931 1005 991 omnibus
1027 931 1196 1008 praestatur

246 1023 393 1084 catholici
421 1023 507 1083 orbis
532 1023 710 1101 Episcopis‚
733 1024 875 1100 quodque
902 1024 1037 1102 adigens
1052 1023 1195 1082 iurantem

246 1119 284 1179 ad
306 1119 398 1178 fidem
425 1121 531 1178 sancte
557 1117 766 1195 religioseque
787 1120 972 1178 servandam
995 1115 1153 1177 Ecclesiae
1170 1115 1195 1170 et

246 1211 435 1290 apostolicae
463 1210 555 1284 Sodi,
585 1216 619 1271 et
652 1213 691 1271 ad
719 1210 906 1288 religionem
936 1212 1109 1282 tuendam,
1138 1220 1192 1266 eun

244 1305 372 1366 insimul
400 1304 541 1381 patriae,
569 1306 603 1364 et
627 1304 789 1381 legitimae
817 1304 1059 1382 imperantium·
1074 1298 1193 1363 auctori·

245 1400 307 1460 tati
328 1399 502 1459 fideliorem
523 1398 647 1470 reddit,
670 1415 740 1458 curn
762 1399 885 1459 nullum
906 1397 1074 1476 Religione
1096 1395 1138 1456 sit
1155 1392 1190 1450 ir

244 1493 327 1553 mins
354 1492 476 1569 patriae
503 1494 537 1551 et
563 1491 766 1568 imperiorum
794 1493 935 1552 columen
964 1507 999 1551 ac
1026 1491 1193 1550 fundamen·

246 1591 315 1649 tum
330 1587 387 1668 (1).
589 1663 590 1666 ¹
714 1646 717 1653 ,

304 1681 478 1743 Simulavit
498 1682 649 1770 etiamse
670 1679 788 1740 iniuria
808 1680 952 1742 affectum
967 1695 1056 1750 esse,
1074 1694 1110 1737 eo
1124 1670 1195 1735 scili-

246 1777 297 1836 cet
316 1778 398 1854 quod
419 1794 459 1836 ex
480 1793 630 1838 canonum
651 1775 802 1835 instituto
823 1775 860 1833 de
881 1772 1007 1850 publico
1029 1787 1137 1832 errore
1150 1785 1195 1844 pu·

245 1868 326 1929 blica
354 1869 466 1929 fuisset
492 1869 670 1930 admonitus
691 1869 748 1947 (2),
773 1872 807 1928 et
838 1885 873 1927 co
895 1867 975 1943 qnod
999 1865 1195 1944 reprehensus

245 1964 386 2023 essetab
408 1960 642 2036 iusiurandum,
668 1979 728 2021 non
755 1959 880 2032 animo,
903 1963 940 2019 ut
960 1959 1027 2033 ait,
1052 1959 1105 2018 sed
1134 1969 1194 2014 voce

246 2057 461 2118 tautummodo
483 2056 671 2133 praestitum
687 2053 744 2134 (3),
760 2055 839 2130 qnod
863 2057 967 2114 tamen
990 2049 1195 2111 iusiurandum

244 2148 285 2208 iis
306 2148 453 2208 emissum
474 2149 582 2208 catab
604 2148 689 2224 ipsc,
706 2151 831 2223 tamque
853 2145 948 2207 claris
969 2145 1193 2217 manifestisque

244 2243 367 2315 verbis,
390 2259 469 2318 quae
490 2241 755 2318 interpretatione
777 2239 866 2300 nulla
886 2241 1082 2318 indigerent.

304 2336 477 2396 Simulavit
488 2333 946 2412 quoquedistinctionemiuter
955 2327 1194 2395 obedientiamet

245 2427 523 2506 approbationem,
543 2429 672 2506 perinde
690 2447 727 2488 ac
745 2429 772 2489 si
793 2431 989 2489 sacramento
1012 2423 1195 2505 promisisset

244 2522 535 2594 obedientiam‚non
545 2527 652 2582 autem
663 2522 919 2600 approbationem
931 2515 1191 2600 praestitissetw.

244 2619 312 2686 Qua
331 2617 535 2678 distinctione
550 2617 788 2695 nilexcogitari
807 2622 912 2696 potest
926 2617 1079 2692 deterius3
1094 2609 1192 2677 etenim

160 2707 163 2716 ’
244 2712 298 2772 nbi
320 2713 356 2772 dc
379 2709 531 2788 religione
552 2710 673 2788 agitur,
689 2710 722 2768 in
744 2709 795 2784 iia,
810 2729 889 2787 quae
911 2710 1037 2787 probari
1060 2727 1119 2769 nen
1139 2718 1193 2781 pot·

244 2808 336 2878 suut,
360 2803 485 2865 obedire
506 2819 567 2862 non
590 2802 668 2862 licet
689 2802 747 2881 (5),
763 2802 910 2879 quoniam
931 2806 1059 2880 oportet
1084 2795 1192 2861 obedire

307 3045 341 3100 (1)
357 3042 387 3089 ld
404 3039 548 3090 cordinello
563 3041 618 3099 ipse
635 3041 768 3087 consessus
783 3040 858 3086 estin
869 3039 983 3088 comitiis
994 3040 1056 3087 enni
1068 3039 1137 3088 lita.
1147 3035 1192 3082 Pru

244 3118 286 3168 ela
301 3119 397 3168 Verbal
411 3120 460 3165 etc.
478 3115 574 3165 Stance
590 3117 638 3162 111.
656 3117 764 3175 pag.16.
782 3115 807 3172 s.
820 3113 859 3162 Lc
870 3113 949 3178 Sujct
965 3118 991 3163 et
1007 3129 1060 3175 seq.

307 3199 341 3251 (2)
358 3189 384 3245 6,
394 3189 526 3257 J’aiprit,
542 3195 568 3240 et
584 3187 608 3244 S.
620 3189 774 3240 Jedccraa'a.

307 3273 340 3330 tiit
358 3271 408 3319 cic.
420 3279 444 3333 5.
457 3267 550 3318 Plact.

306 3349 341 3402 (4)
358 3347 407 3396 cst.
420 3346 444 3403 S.
457 3343 550 3394 Plorat.

307 3425 342 3479 (5)
357 3421 387 3468 Id
404 3423 530 3481 cognovit,
548 3422 769 3482 propugnavitque
785 3421 922 3468 Lomenins
938 3421 1000 3480 ipse.
1013 3419 1091 3468 Actes
1102 3413 1190 3465 deluc-

243 3498 353 3548 semblee
362 3502 411 3546 etc.
422 3501 489 3558 part.
501 3501 535 3546 11.
549 3503 572 3559 fl.
586 3495 694 3557 Datur,
705 3493 775 3557 με
784 3493 865 3557 droit,
877 3499 904 3544 et
913 3492 936 3549 5.
949 3493 1072 3558 Pnicpuc
1080 3496 1106 3544 in
1115 3482 1190 3541 irtel·

244 3576 338 3624 vercel
349 3589 409 3624 ann.
422 3577 492 3623 1765.
505 3587 563 3635 pag.
575 3576 629 3631 206,
644 3575 699 3631 207,
711 3576 765 3630 210,
778 3575 824 3621 211
834 3575 861 3620 at
871 3575 926 3621 216.
