<?xml version="1.0" encoding="UTF-8"?>
<!DOCTYPE html PUBLIC "-//W3C//DTD XHTML 1.0 Transitional//EN"
    "http://www.w3.org/TR/xhtml1/DTD/xhtml1-transitional.dtd">
<html xmlns="http://www.w3.org/1999/xhtml" xml:lang="en" lang="en">
 <head>
  <title>
</title>
<meta http-equiv="Content-Type" content="text/html;charset=utf-8" />
  <meta name='ocr-system' content='tesseract 3.04.00' />
  <meta name='ocr-capabilities' content='ocr_page ocr_carea ocr_par ocr_line ocrx_word'/>
</head>
<body>
  <div class='ocr_page' id='page_1' title='image "./piivipontmaxact00piusgoog_0202.png"; bbox 0 0 2498 4200; ppageno 0'>
   <div class='ocr_carea' id='block_1_1' title="bbox 44 341 1032 1636">
    <p class='ocr_par' dir='ltr' id='par_1_1' title="bbox 44 341 1032 1338">
     <span class='ocr_line' id='line_1_1' title="bbox 49 341 1032 422; baseline -0.001 -19"><span class='ocrx_word' id='word_1_1' title='bbox 49 343 158 420; x_wconf 88' lang='lat' dir='ltr'><strong>leges,</strong></span> <span class='ocrx_word' id='word_1_2' title='bbox 189 349 252 420; x_wconf 82' lang='lat' dir='ltr'><strong>atq</strong></span> <span class='ocrx_word' id='word_1_3' title='bbox 261 361 309 402; x_wconf 68' lang='lat' dir='ltr'><strong>ue:</strong></span> <span class='ocrx_word' id='word_1_4' title='bbox 322 341 458 403; x_wconf 79' lang='lat' dir='ltr'><strong>divinas.</strong></span> <span class='ocrx_word' id='word_1_5' title='bbox 476 343 537 404; x_wconf 86' lang='lat' dir='ltr'><strong>Sed</strong></span> <span class='ocrx_word' id='word_1_6' title='bbox 558 344 622 404; x_wconf 92' lang='lat' dir='ltr'><strong>Nos</strong></span> <span class='ocrx_word' id='word_1_7' title='bbox 644 343 1032 422; x_wconf 86' lang='lat' dir='ltr'><strong>nnmquamdehiscepo·</strong></span> 
     </span>
     <span class='ocr_line' id='line_1_2' title="bbox 49 435 1030 516; baseline 0.001 -22"><span class='ocrx_word' id='word_1_8' title='bbox 49 435 136 512; x_wconf 88' lang='lat' dir='ltr'><strong>pulis</strong></span> <span class='ocrx_word' id='word_1_9' title='bbox 160 437 352 496; x_wconf 76' lang='lat' dir='ltr'><strong>deserendis</strong></span> <span class='ocrx_word' id='word_1_10' title='bbox 372 437 601 514; x_wconf 71' lang='lat' dir='ltr'><strong>cogitavimus,</strong></span> <span class='ocrx_word' id='word_1_11' title='bbox 617 437 718 516; x_wconf 88' lang='lat' dir='ltr'><strong>iisque</strong></span> <span class='ocrx_word' id='word_1_12' title='bbox 739 439 868 516; x_wconf 78' lang='lat' dir='ltr'><strong>proinde</strong></span> <span class='ocrx_word' id='word_1_13' title='bbox 881 439 1030 500; x_wconf 77' lang='lat' dir='ltr'><strong>Nostram</strong></span> 
     </span>
     <span class='ocr_line' id='line_1_3' title="bbox 48 527 1031 609; baseline 0.002 -23"><span class='ocrx_word' id='word_1_14' title='bbox 48 545 167 605; x_wconf 88' lang='lat' dir='ltr'><strong>opem,</strong></span> <span class='ocrx_word' id='word_1_15' title='bbox 195 528 417 606; x_wconf 83' lang='lat' dir='ltr'><strong>auxiliumque</strong></span> <span class='ocrx_word' id='word_1_16' title='bbox 445 531 639 591; x_wconf 81' lang='lat' dir='ltr'><strong>conferamus</strong></span> <span class='ocrx_word' id='word_1_17' title='bbox 669 532 906 609; x_wconf 83' lang='lat' dir='ltr'><strong>inposterum,</strong></span> <span class='ocrx_word' id='word_1_18' title='bbox 929 527 1031 590; x_wconf 82' lang='lat' dir='ltr'><strong>veluti</strong></span> 
     </span>
     <span class='ocr_line' id='line_1_4' title="bbox 46 621 1030 699; baseline 0 -19"><span class='ocrx_word' id='word_1_19' title='bbox 46 627 146 682; x_wconf 84' lang='lat' dir='ltr'><strong>autea</strong></span> <span class='ocrx_word' id='word_1_20' title='bbox 171 621 419 699; x_wconf 78' lang='lat' dir='ltr'><strong>praestitimus,</strong></span> <span class='ocrx_word' id='word_1_21' title='bbox 442 625 590 684; x_wconf 86' lang='lat' dir='ltr'><strong>modoad</strong></span> <span class='ocrx_word' id='word_1_22' title='bbox 617 626 682 687; x_wconf 89' lang='lat' dir='ltr'><strong>Nos</strong></span> <span class='ocrx_word' id='word_1_23' title='bbox 703 628 919 687; x_wconf 80' lang='lat' dir='ltr'><strong>revertantur.</strong></span> <span class='ocrx_word' id='word_1_24' title='bbox 943 623 1030 682; x_wconf 86' lang='lat' dir='ltr'><strong>Hanc</strong></span> 
     </span>
     <span class='ocr_line' id='line_1_5' title="bbox 44 714 1031 795; baseline -0.002 -21"><span class='ocrx_word' id='word_1_25' title='bbox 44 714 151 790; x_wconf 89' lang='lat' dir='ltr'><strong>ipsam</strong></span> <span class='ocrx_word' id='word_1_26' title='bbox 178 717 224 775; x_wconf 93' lang='lat' dir='ltr'><strong>ob</strong></span> <span class='ocrx_word' id='word_1_27' title='bbox 253 732 378 776; x_wconf 84' lang='lat' dir='ltr'><strong>eausam</strong></span> <span class='ocrx_word' id='word_1_28' title='bbox 399 717 460 790; x_wconf 88' lang='lat' dir='ltr'><strong>iis,</strong></span> <span class='ocrx_word' id='word_1_29' title='bbox 482 719 536 795; x_wconf 92' lang='lat' dir='ltr'><strong>qui</strong></span> <span class='ocrx_word' id='word_1_30' title='bbox 556 737 575 778; x_wconf 91' lang='lat' dir='ltr'><strong>a</strong></span> <span class='ocrx_word' id='word_1_31' title='bbox 594 718 691 780; x_wconf 89' lang='lat' dir='ltr'><strong>Nobis</strong></span> <span class='ocrx_word' id='word_1_32' title='bbox 719 719 921 788; x_wconf 82' lang='lat' dir='ltr'><strong>defecissent,</strong></span> <span class='ocrx_word' id='word_1_33' title='bbox 944 714 1031 775; x_wconf 87' lang='lat' dir='ltr'><strong>ultro</strong></span> 
     </span>
     <span class='ocr_line' id='line_1_6' title="bbox 44 808 1030 887; baseline 0.001 -21"><span class='ocrx_word' id='word_1_34' title='bbox 44 810 194 868; x_wconf 80' lang='lat' dir='ltr'><strong>ueniam</strong></span> <span class='ocrx_word' id='word_1_35' title='bbox 210 808 396 882; x_wconf 88' lang='lat' dir='ltr'><strong>obtulimus,</strong></span> <span class='ocrx_word' id='word_1_36' title='bbox 412 811 508 882; x_wconf 83' lang='lat' dir='ltr'><strong>nullis</strong></span> <span class='ocrx_word' id='word_1_37' title='bbox 523 811 679 872; x_wconf 89' lang='lat' dir='ltr'><strong>limitibus</strong></span> <span class='ocrx_word' id='word_1_38' title='bbox 693 811 973 887; x_wconf 73' lang='lat' dir='ltr'><strong>circumscriptam.</strong></span> <span class='ocrx_word' id='word_1_39' title='bbox 986 810 1030 868; x_wconf 88' lang='lat' dir='ltr'><strong>At</strong></span> 
     </span>
     <span class='ocr_line' id='line_1_7' title="bbox 44 902 1030 980; baseline -0.001 -18"><span class='ocrx_word' id='word_1_40' title='bbox 44 902 95 962; x_wconf 88' lang='lat' dir='ltr'><strong>hic</strong></span> <span class='ocrx_word' id='word_1_41' title='bbox 107 903 300 980; x_wconf 85' lang='lat' dir='ltr'><strong>singularis</strong></span> <span class='ocrx_word' id='word_1_42' title='bbox 313 903 448 967; x_wconf 87' lang='lat' dir='ltr'><strong>Nostrae</strong></span> <span class='ocrx_word' id='word_1_43' title='bbox 462 905 646 968; x_wconf 87' lang='lat' dir='ltr'><strong>clementiae</strong></span> <span class='ocrx_word' id='word_1_44' title='bbox 661 910 750 967; x_wconf 87' lang='lat' dir='ltr'><strong>actus</strong></span> <span class='ocrx_word' id='word_1_45' title='bbox 778 909 844 966; x_wconf 84' lang='lat' dir='ltr'><strong>tam</strong></span> <span class='ocrx_word' id='word_1_46' title='bbox 856 903 1030 974; x_wconf 80' lang='lat' dir='ltr'><strong>Aveuiona,</strong></span> 
     </span>
     <span class='ocr_line' id='line_1_8' title="bbox 44 993 1029 1076; baseline 0.001 -20"><span class='ocrx_word' id='word_1_47' title='bbox 44 1015 143 1073; x_wconf 85' lang='lat' dir='ltr'><strong>quam</strong></span> <span class='ocrx_word' id='word_1_48' title='bbox 162 998 413 1074; x_wconf 76' lang='lat' dir='ltr'><strong>Carpentoracti</strong></span> <span class='ocrx_word' id='word_1_49' title='bbox 426 993 502 1058; x_wconf 89' lang='lat' dir='ltr'><strong>adeo</strong></span> <span class='ocrx_word' id='word_1_50' title='bbox 527 999 637 1060; x_wconf 84' lang='lat' dir='ltr'><strong>effreni</strong></span> <span class='ocrx_word' id='word_1_51' title='bbox 651 1000 781 1060; x_wconf 87' lang='lat' dir='ltr'><strong>audacia</strong></span> <span class='ocrx_word' id='word_1_52' title='bbox 805 1006 955 1076; x_wconf 83' lang='lat' dir='ltr'><strong>exceptus</strong></span> <span class='ocrx_word' id='word_1_53' title='bbox 967 1003 1029 1070; x_wconf 90' lang='lat' dir='ltr'><strong>est,</strong></span> 
     </span>
     <span class='ocr_line' id='line_1_9' title="bbox 45 1089 1030 1171; baseline 0 -21"><span class='ocrx_word' id='word_1_54' title='bbox 45 1093 201 1168; x_wconf 87' lang='lat' dir='ltr'><strong>adeoque</strong></span> <span class='ocrx_word' id='word_1_55' title='bbox 221 1089 372 1167; x_wconf 82' lang='lat' dir='ltr'><strong>indignae</strong></span> <span class='ocrx_word' id='word_1_56' title='bbox 393 1093 635 1154; x_wconf 88' lang='lat' dir='ltr'><strong>deliberationes</strong></span> <span class='ocrx_word' id='word_1_57' title='bbox 658 1094 822 1171; x_wconf 83' lang='lat' dir='ltr'><strong>utrobique</strong></span> <span class='ocrx_word' id='word_1_58' title='bbox 843 1095 971 1170; x_wconf 84' lang='lat' dir='ltr'><strong>captae,</strong></span> <span class='ocrx_word' id='word_1_59' title='bbox 995 1094 1030 1150; x_wconf 86' lang='lat' dir='ltr'><strong>ut</strong></span> 
     </span>
     <span class='ocr_line' id='line_1_10' title="bbox 47 1183 1030 1263; baseline 0.001 -22"><span class='ocrx_word' id='word_1_60' title='bbox 47 1183 155 1244; x_wconf 88' lang='lat' dir='ltr'><strong>satius</strong></span> <span class='ocrx_word' id='word_1_61' title='bbox 184 1183 338 1244; x_wconf 88' lang='lat' dir='ltr'><strong>ducamus</strong></span> <span class='ocrx_word' id='word_1_62' title='bbox 359 1202 396 1244; x_wconf 86' lang='lat' dir='ltr'><strong>ea</strong></span> <span class='ocrx_word' id='word_1_63' title='bbox 417 1185 562 1258; x_wconf 84' lang='lat' dir='ltr'><strong>silentio,</strong></span> <span class='ocrx_word' id='word_1_64' title='bbox 586 1205 622 1246; x_wconf 88' lang='lat' dir='ltr'><strong>ac</strong></span> <span class='ocrx_word' id='word_1_65' title='bbox 645 1187 783 1248; x_wconf 88' lang='lat' dir='ltr'><strong>tenebris</strong></span> <span class='ocrx_word' id='word_1_66' title='bbox 803 1192 923 1263; x_wconf 87' lang='lat' dir='ltr'><strong>tegere,</strong></span> <span class='ocrx_word' id='word_1_67' title='bbox 939 1201 1030 1261; x_wconf 89' lang='lat' dir='ltr'><strong>quam</strong></span> 
     </span>
     <span class='ocr_line' id='line_1_11' title="bbox 47 1275 448 1338; baseline 0.007 -5"><span class='ocrx_word' id='word_1_68' title='bbox 47 1275 78 1335; x_wconf 93' lang='lat' dir='ltr'><strong>in</strong></span> <span class='ocrx_word' id='word_1_69' title='bbox 100 1277 221 1338; x_wconf 87' lang='lat' dir='ltr'><strong>lucem</strong></span> <span class='ocrx_word' id='word_1_70' title='bbox 241 1276 400 1338; x_wconf 88' lang='lat' dir='ltr'><strong>emittere.</strong></span> <span class='ocrx_word' id='word_1_71' title='bbox 446 1311 448 1316; x_wconf 68' lang='lat'><strong>,</strong></span> 
     </span>
    </p>

    <p class='ocr_par' dir='ltr' id='par_1_2' title="bbox 49 1370 1032 1636">
     <span class='ocr_line' id='line_1_12' title="bbox 109 1370 1031 1449; baseline 0.004 -17"><span class='ocrx_word' id='word_1_72' title='bbox 109 1372 182 1432; x_wconf 85' lang='lat' dir='ltr'><strong>Sed</strong></span> <span class='ocrx_word' id='word_1_73' title='bbox 209 1388 270 1429; x_wconf 93' lang='lat' dir='ltr'><strong>uon</strong></span> <span class='ocrx_word' id='word_1_74' title='bbox 292 1370 408 1430; x_wconf 89' lang='lat' dir='ltr'><strong>ideirco</strong></span> <span class='ocrx_word' id='word_1_75' title='bbox 422 1373 539 1434; x_wconf 86' lang='lat' dir='ltr'><strong>Noster</strong></span> <span class='ocrx_word' id='word_1_76' title='bbox 558 1391 646 1434; x_wconf 87' lang='lat' dir='ltr'><strong>amor</strong></span> <span class='ocrx_word' id='word_1_77' title='bbox 664 1374 833 1434; x_wconf 82' lang='lat' dir='ltr'><strong>deferbuit.</strong></span> <span class='ocrx_word' id='word_1_78' title='bbox 848 1373 919 1434; x_wconf 92' lang='lat' dir='ltr'><strong>Nou</strong></span> <span class='ocrx_word' id='word_1_79' title='bbox 940 1373 1031 1449; x_wconf 81' lang='lat' dir='ltr'><strong>igno-</strong></span> 
     </span>
     <span class='ocr_line' id='line_1_13' title="bbox 49 1464 1030 1542; baseline 0.001 -19"><span class='ocrx_word' id='word_1_80' title='bbox 49 1481 166 1526; x_wconf 84' lang='lat' dir='ltr'><strong>ramus</strong></span> <span class='ocrx_word' id='word_1_81' title='bbox 181 1464 344 1542; x_wconf 88' lang='lat' dir='ltr'><strong>equidem,</strong></span> <span class='ocrx_word' id='word_1_82' title='bbox 360 1467 438 1526; x_wconf 87' lang='lat' dir='ltr'><strong>Ven.</strong></span> <span class='ocrx_word' id='word_1_83' title='bbox 452 1466 597 1540; x_wconf 84' lang='lat' dir='ltr'><strong>Fratres,</strong></span> <span class='ocrx_word' id='word_1_84' title='bbox 610 1467 768 1527; x_wconf 85' lang='lat' dir='ltr'><strong>intervos</strong></span> <span class='ocrx_word' id='word_1_85' title='bbox 782 1485 848 1526; x_wconf 90' lang='lat' dir='ltr'><strong>esse</strong></span> <span class='ocrx_word' id='word_1_86' title='bbox 862 1465 1030 1536; x_wconf 87' lang='lat' dir='ltr'><strong>nemiuem,</strong></span> 
     </span>
     <span class='ocr_line' id='line_1_14' title="bbox 54 1558 1032 1636; baseline 0.004 -19"><span class='ocrx_word' id='word_1_87' title='bbox 54 1558 106 1634; x_wconf 89' lang='lat' dir='ltr'><strong>qui</strong></span> <span class='ocrx_word' id='word_1_88' title='bbox 118 1560 286 1621; x_wconf 81' lang='lat' dir='ltr'><strong>hacteuus</strong></span> <span class='ocrx_word' id='word_1_89' title='bbox 299 1561 428 1636; x_wconf 86' lang='lat' dir='ltr'><strong>patrata</strong></span> <span class='ocrx_word' id='word_1_90' title='bbox 441 1560 582 1621; x_wconf 80' lang='lat' dir='ltr'><strong>facinora</strong></span> <span class='ocrx_word' id='word_1_91' title='bbox 605 1578 724 1621; x_wconf 87' lang='lat' dir='ltr'><strong>summo</strong></span> <span class='ocrx_word' id='word_1_92' title='bbox 747 1578 808 1620; x_wconf 91' lang='lat' dir='ltr'><strong>non</strong></span> <span class='ocrx_word' id='word_1_93' title='bbox 823 1562 1032 1636; x_wconf 84' lang='lat' dir='ltr'><strong>prosequatur</strong></span> 
     </span>
    </p>
   </div>
   <div class='ocr_carea' id='block_1_2' title="bbox 56 1651 1116 1729">
    <p class='ocr_par' dir='ltr' id='par_1_3' title="bbox 56 1651 1116 1729">
     <span class='ocr_line' id='line_1_15' title="bbox 56 1651 1116 1729; baseline 0.005 -20"><span class='ocrx_word' id='word_1_94' title='bbox 56 1651 213 1724; x_wconf 86' lang='lat' dir='ltr'><strong>horrore,</strong></span> <span class='ocrx_word' id='word_1_95' title='bbox 235 1654 270 1710; x_wconf 87' lang='lat' dir='ltr'><strong>et</strong></span> <span class='ocrx_word' id='word_1_96' title='bbox 291 1670 350 1711; x_wconf 93' lang='lat' dir='ltr'><strong>non</strong></span> <span class='ocrx_word' id='word_1_97' title='bbox 372 1671 412 1712; x_wconf 90' lang='lat' dir='ltr'><strong>eo</strong></span> <span class='ocrx_word' id='word_1_98' title='bbox 435 1671 506 1714; x_wconf 90' lang='lat' dir='ltr'><strong>suas</strong></span> <span class='ocrx_word' id='word_1_99' title='bbox 528 1671 620 1714; x_wconf 87' lang='lat' dir='ltr'><strong>ouras</strong></span> <span class='ocrx_word' id='word_1_100' title='bbox 640 1656 819 1726; x_wconf 82' lang='lat' dir='ltr'><strong>convertat,</strong></span> <span class='ocrx_word' id='word_1_101' title='bbox 836 1656 885 1725; x_wconf 82' lang='lat' dir='ltr'><strong>ut,</strong></span> <span class='ocrx_word' id='word_1_102' title='bbox 898 1670 1033 1729; x_wconf 77' lang='lat' dir='ltr'><strong>quomo·</strong></span> <span class='ocrx_word' id='word_1_103' title='bbox 1113 1665 1116 1694; x_wconf 60' lang='lat' dir='ltr'><strong>i</strong></span> 
     </span>
    </p>
   </div>
   <div class='ocr_carea' id='block_1_3' title="bbox 56 1744 1037 3606">
    <p class='ocr_par' dir='ltr' id='par_1_4' title="bbox 56 1744 1037 3606">
     <span class='ocr_line' id='line_1_16' title="bbox 57 1744 1033 1826; baseline 0 -21"><span class='ocrx_word' id='word_1_104' title='bbox 57 1744 116 1806; x_wconf 88' lang='lat' dir='ltr'><strong>iius</strong></span> <span class='ocrx_word' id='word_1_105' title='bbox 150 1747 275 1826; x_wconf 87' lang='lat' dir='ltr'><strong>possit,</strong></span> <span class='ocrx_word' id='word_1_106' title='bbox 298 1759 357 1806; x_wconf 87' lang='lat' dir='ltr'><strong>sno</strong></span> <span class='ocrx_word' id='word_1_107' title='bbox 373 1748 516 1808; x_wconf 87' lang='lat' dir='ltr'><strong>Pastoris</strong></span> <span class='ocrx_word' id='word_1_108' title='bbox 537 1765 666 1808; x_wconf 87' lang='lat' dir='ltr'><strong>munere</strong></span> <span class='ocrx_word' id='word_1_109' title='bbox 688 1748 890 1825; x_wconf 82' lang='lat' dir='ltr'><strong>defungatur.</strong></span> <span class='ocrx_word' id='word_1_110' title='bbox 913 1746 1033 1808; x_wconf 87' lang='lat' dir='ltr'><strong>Scimus</strong></span> 
     </span>
     <span class='ocr_line' id='line_1_17' title="bbox 56 1839 1033 1918; baseline 0.002 -20"><span class='ocrx_word' id='word_1_111' title='bbox 56 1839 133 1901; x_wconf 89' lang='lat' dir='ltr'><strong>item</strong></span> <span class='ocrx_word' id='word_1_112' title='bbox 159 1843 229 1901; x_wconf 89' lang='lat' dir='ltr'><strong>Vos</strong></span> <span class='ocrx_word' id='word_1_113' title='bbox 244 1839 348 1911; x_wconf 88' lang='lat' dir='ltr'><strong>inter,</strong></span> <span class='ocrx_word' id='word_1_114' title='bbox 371 1840 482 1901; x_wconf 91' lang='lat' dir='ltr'><strong>dilecti</strong></span> <span class='ocrx_word' id='word_1_115' title='bbox 502 1841 574 1916; x_wconf 88' lang='lat' dir='ltr'><strong>filii,</strong></span> <span class='ocrx_word' id='word_1_116' title='bbox 590 1841 744 1914; x_wconf 84' lang='lat' dir='ltr'><strong>canonici,</strong></span> <span class='ocrx_word' id='word_1_117' title='bbox 759 1841 900 1918; x_wconf 81' lang='lat' dir='ltr'><strong>parochi,</strong></span> <span class='ocrx_word' id='word_1_118' title='bbox 915 1839 1033 1916; x_wconf 86' lang='lat' dir='ltr'><strong>aliique¹</strong></span> 
     </span>
     <span class='ocr_line' id='line_1_18' title="bbox 59 1933 1035 2011; baseline -0.003 -17"><span class='ocrx_word' id='word_1_119' title='bbox 59 1934 239 1996; x_wconf 74' lang='lat' dir='ltr'><strong>branionis</strong></span> <span class='ocrx_word' id='word_1_120' title='bbox 267 1936 302 1992; x_wconf 89' lang='lat' dir='ltr'><strong>et</strong></span> <span class='ocrx_word' id='word_1_121' title='bbox 328 1933 503 1996; x_wconf 80' lang='lat' dir='ltr'><strong>Comitatus</strong></span> <span class='ocrx_word' id='word_1_122' title='bbox 532 1935 736 1996; x_wconf 88' lang='lat' dir='ltr'><strong>aeclesiastici</strong></span> <span class='ocrx_word' id='word_1_123' title='bbox 764 1934 850 2008; x_wconf 83' lang='lat' dir='ltr'><strong>viri,</strong></span> <span class='ocrx_word' id='word_1_124' title='bbox 880 1933 1035 2011; x_wconf 84' lang='lat' dir='ltr'><strong>plurimos·</strong></span> 
     </span>
     <span class='ocr_line' id='line_1_19' title="bbox 60 2014 1032 2106; baseline 0 -20"><span class='ocrx_word' id='word_1_125' title='bbox 60 2031 222 2090; x_wconf 84' lang='lat' dir='ltr'><strong>exsistere</strong></span> <span class='ocrx_word' id='word_1_126' title='bbox 238 2027 361 2088; x_wconf 84' lang='lat' dir='ltr'><strong>virtute</strong></span> <span class='ocrx_word' id='word_1_127' title='bbox 376 2014 586 2105; x_wconf 81' lang='lat' dir='ltr'><strong>praestantes,</strong></span> <span class='ocrx_word' id='word_1_128' title='bbox 601 2034 634 2090; x_wconf 89' lang='lat' dir='ltr'><strong>et</strong></span> <span class='ocrx_word' id='word_1_129' title='bbox 647 2028 812 2106; x_wconf 90' lang='lat' dir='ltr'><strong>religionis</strong></span> <span class='ocrx_word' id='word_1_130' title='bbox 830 2030 942 2090; x_wconf 84' lang='lat' dir='ltr'><strong>ardore</strong></span> <span class='ocrx_word' id='word_1_131' title='bbox 963 2044 1032 2087; x_wconf 87' lang='lat' dir='ltr'><strong>sue-</strong></span> 
     </span>
     <span class='ocr_line' id='line_1_20' title="bbox 63 2119 1032 2199; baseline -0.002 -19"><span class='ocrx_word' id='word_1_132' title='bbox 63 2137 184 2194; x_wconf 87' lang='lat' dir='ltr'><strong>censos‚</strong></span> <span class='ocrx_word' id='word_1_133' title='bbox 208 2124 370 2197; x_wconf 88' lang='lat' dir='ltr'><strong>promptos</strong></span> <span class='ocrx_word' id='word_1_134' title='bbox 390 2121 548 2198; x_wconf 85' lang='lat' dir='ltr'><strong>proinde,¹</strong></span> <span class='ocrx_word' id='word_1_135' title='bbox 560 2126 748 2199; x_wconf 85' lang='lat' dir='ltr'><strong>paratosque</strong></span> <span class='ocrx_word' id='word_1_136' title='bbox 769 2120 932 2198; x_wconf 81' lang='lat' dir='ltr'><strong>quibusvis</strong></span> <span class='ocrx_word' id='word_1_137' title='bbox 953 2119 1032 2180; x_wconf 87' lang='lat' dir='ltr'><strong>tole·</strong></span> 
     </span>
     <span class='ocr_line' id='line_1_21' title="bbox 63 2205 1030 2294; baseline 0 -20"><span class='ocrx_word' id='word_1_138' title='bbox 63 2219 170 2278; x_wconf 84' lang='lat' dir='ltr'><strong>randis</strong></span> <span class='ocrx_word' id='word_1_139' title='bbox 193 2215 364 2288; x_wconf 87' lang='lat' dir='ltr'><strong>aerumnis,</strong></span> <span class='ocrx_word' id='word_1_140' title='bbox 387 2217 426 2276; x_wconf 90' lang='lat' dir='ltr'><strong>ad</strong></span> <span class='ocrx_word' id='word_1_141' title='bbox 447 2216 515 2289; x_wconf 86' lang='lat' dir='ltr'><strong>Dei,</strong></span> <span class='ocrx_word' id='word_1_142' title='bbox 531 2205 885 2294; x_wconf 69' lang='lat' dir='ltr'><strong>Ecclesiae&#39;et-patriae</strong></span> <span class='ocrx_word' id='word_1_143' title='bbox 907 2231 1030 2276; x_wconf 88' lang='lat' dir='ltr'><strong>causam</strong></span> 
     </span>
     <span class='ocr_line' id='line_1_22' title="bbox 62 2309 1033 2387; baseline 0.002 -19"><span class='ocrx_word' id='word_1_144' title='bbox 62 2311 227 2370; x_wconf 85' lang='lat' dir='ltr'><strong>tuendam.</strong></span> <span class='ocrx_word' id='word_1_145' title='bbox 244 2309 366 2368; x_wconf 91' lang='lat' dir='ltr'><strong>Scimus</strong></span> <span class='ocrx_word' id='word_1_146' title='bbox 389 2310 533 2387; x_wconf 91' lang='lat' dir='ltr'><strong>denique,</strong></span> <span class='ocrx_word' id='word_1_147' title='bbox 556 2329 595 2372; x_wconf 85' lang='lat' dir='ltr'><strong>ex</strong></span> <span class='ocrx_word' id='word_1_148' title='bbox 617 2313 745 2384; x_wconf 88' lang='lat' dir='ltr'><strong>Vestro,</strong></span> <span class='ocrx_word' id='word_1_149' title='bbox 762 2310 871 2370; x_wconf 87' lang='lat' dir='ltr'><strong>dilecti</strong></span> <span class='ocrx_word' id='word_1_150' title='bbox 893 2309 966 2381; x_wconf 85' lang='lat' dir='ltr'><strong>tilii,</strong></span> <span class='ocrx_word' id='word_1_151' title='bbox 980 2327 1033 2370; x_wconf 93' lang='lat' dir='ltr'><strong>no·</strong></span> 
     </span>
     <span class='ocr_line' id='line_1_23' title="bbox 62 2402 1032 2482; baseline 0 -20"><span class='ocrx_word' id='word_1_152' title='bbox 62 2402 118 2466; x_wconf 90' lang='lat' dir='ltr'><strong>bili</strong></span> <span class='ocrx_word' id='word_1_153' title='bbox 141 2407 178 2466; x_wconf 89' lang='lat' dir='ltr'><strong>et</strong></span> <span class='ocrx_word' id='word_1_154' title='bbox 199 2403 301 2464; x_wconf 84' lang='lat' dir='ltr'><strong>cirico</strong></span> <span class='ocrx_word' id='word_1_155' title='bbox 315 2408 406 2464; x_wconf 87' lang='lat' dir='ltr'><strong>coetu</strong></span> <span class='ocrx_word' id='word_1_156' title='bbox 428 2403 580 2481; x_wconf 87' lang='lat' dir='ltr'><strong>plurimos</strong></span> <span class='ocrx_word' id='word_1_157' title='bbox 594 2423 662 2465; x_wconf 92' lang='lat' dir='ltr'><strong>esse</strong></span> <span class='ocrx_word' id='word_1_158' title='bbox 673 2406 802 2482; x_wconf 88' lang='lat' dir='ltr'><strong>egregio</strong></span> <span class='ocrx_word' id='word_1_159' title='bbox 815 2405 848 2463; x_wconf 89' lang='lat' dir='ltr'><strong>in</strong></span> <span class='ocrx_word' id='word_1_160' title='bbox 862 2404 1032 2465; x_wconf 85' lang='lat' dir='ltr'><strong>Ecclesiam</strong></span> 
     </span>
     <span class='ocr_line' id='line_1_24' title="bbox 61 2497 1032 2574; baseline -0.001 -17"><span class='ocrx_word' id='word_1_161' title='bbox 61 2500 191 2571; x_wconf 83' lang='lat' dir='ltr'><strong>studio,</strong></span> <span class='ocrx_word' id='word_1_162' title='bbox 215 2502 249 2558; x_wconf 92' lang='lat' dir='ltr'><strong>et</strong></span> <span class='ocrx_word' id='word_1_163' title='bbox 270 2497 392 2574; x_wconf 87' lang='lat' dir='ltr'><strong>optimo</strong></span> <span class='ocrx_word' id='word_1_164' title='bbox 411 2497 444 2556; x_wconf 91' lang='lat' dir='ltr'><strong>in</strong></span> <span class='ocrx_word' id='word_1_165' title='bbox 464 2499 530 2560; x_wconf 88' lang='lat' dir='ltr'><strong>Nos</strong></span> <span class='ocrx_word' id='word_1_166' title='bbox 551 2499 655 2559; x_wconf 86' lang='lat' dir='ltr'><strong>animo</strong></span> <span class='ocrx_word' id='word_1_167' title='bbox 676 2517 747 2558; x_wconf 89' lang='lat' dir='ltr'><strong>eum</strong></span> <span class='ocrx_word' id='word_1_168' title='bbox 767 2498 942 2570; x_wconf 79' lang='lat' dir='ltr'><strong>Arauione,</strong></span> <span class='ocrx_word' id='word_1_169' title='bbox 964 2503 1032 2556; x_wconf 88' lang='lat' dir='ltr'><strong>tum</strong></span> 
     </span>
     <span class='ocr_line' id='line_1_25' title="bbox 62 2591 1033 2669; baseline -0.003 -17"><span class='ocrx_word' id='word_1_170' title='bbox 62 2594 165 2654; x_wconf 90' lang='lat' dir='ltr'><strong>multo</strong></span> <span class='ocrx_word' id='word_1_171' title='bbox 188 2591 290 2668; x_wconf 83' lang='lat' dir='ltr'><strong>magis</strong></span> <span class='ocrx_word' id='word_1_172' title='bbox 310 2591 342 2650; x_wconf 91' lang='lat' dir='ltr'><strong>in</strong></span> <span class='ocrx_word' id='word_1_173' title='bbox 363 2591 762 2669; x_wconf 59' lang='lat' dir='ltr'><strong>concursantiumque</strong></span> <span class='ocrx_word' id='word_1_174' title='bbox 783 2591 1033 2654; x_wconf 75' lang='lat' dir='ltr'><strong>communitates</strong></span> 
     </span>
     <span class='ocr_line' id='line_1_26' title="bbox 62 2683 1036 2762; baseline 0 -20"><span class='ocrx_word' id='word_1_175' title='bbox 62 2683 140 2746; x_wconf 87' lang='lat' dir='ltr'><strong>bene</strong></span> <span class='ocrx_word' id='word_1_176' title='bbox 163 2685 284 2745; x_wconf 88' lang='lat' dir='ltr'><strong>multae</strong></span> <span class='ocrx_word' id='word_1_177' title='bbox 307 2683 472 2758; x_wconf 84' lang='lat' dir='ltr'><strong>intactam,</strong></span> <span class='ocrx_word' id='word_1_178' title='bbox 488 2688 581 2762; x_wconf 89' lang='lat' dir='ltr'><strong>atque</strong></span> <span class='ocrx_word' id='word_1_179' title='bbox 604 2685 826 2746; x_wconf 86' lang='lat' dir='ltr'><strong>intemeratam</strong></span> <span class='ocrx_word' id='word_1_180' title='bbox 840 2687 1036 2751; x_wconf 76' lang='lat' dir='ltr'><strong>servantre.</strong></span> 
     </span>
     <span class='ocr_line' id='line_1_27' title="bbox 63 2775 1033 2858; baseline -0.001 -21"><span class='ocrx_word' id='word_1_181' title='bbox 63 2776 218 2858; x_wconf 81' lang='lat' dir='ltr'><strong>ligiooem</strong></span> <span class='ocrx_word' id='word_1_182' title='bbox 246 2781 340 2855; x_wconf 87' lang='lat' dir='ltr'><strong>atque</strong></span> <span class='ocrx_word' id='word_1_183' title='bbox 369 2777 568 2838; x_wconf 82' lang='lat' dir='ltr'><strong>fidelitatem.</strong></span> <span class='ocrx_word' id='word_1_184' title='bbox 596 2778 676 2840; x_wconf 87' lang='lat' dir='ltr'><strong>Hine</strong></span> <span class='ocrx_word' id='word_1_185' title='bbox 701 2797 722 2837; x_wconf 89' lang='lat' dir='ltr'><strong>a</strong></span> <span class='ocrx_word' id='word_1_186' title='bbox 742 2777 851 2838; x_wconf 85' lang='lat' dir='ltr'><strong>divina</strong></span> <span class='ocrx_word' id='word_1_187' title='bbox 878 2775 1033 2853; x_wconf 83' lang='lat' dir='ltr'><strong>sapientia</strong></span> 
     </span>
     <span class='ocr_line' id='line_1_28' title="bbox 64 2869 1032 2946; baseline -0.003 -16"><span class='ocrx_word' id='word_1_188' title='bbox 64 2874 169 2936; x_wconf 86' lang='lat' dir='ltr'><strong>edocti</strong></span> <span class='ocrx_word' id='word_1_189' title='bbox 191 2889 301 2932; x_wconf 91' lang='lat' dir='ltr'><strong>eorum</strong></span> <span class='ocrx_word' id='word_1_190' title='bbox 329 2871 474 2934; x_wconf 87' lang='lat' dir='ltr'><strong>ducimus</strong></span> <span class='ocrx_word' id='word_1_191' title='bbox 499 2873 673 2935; x_wconf 85' lang='lat' dir='ltr'><strong>habendam</strong></span> <span class='ocrx_word' id='word_1_192' title='bbox 696 2891 761 2932; x_wconf 90' lang='lat' dir='ltr'><strong>esse</strong></span> <span class='ocrx_word' id='word_1_193' title='bbox 783 2870 957 2942; x_wconf 89' lang='lat' dir='ltr'><strong>rationem,</strong></span> <span class='ocrx_word' id='word_1_194' title='bbox 979 2869 1032 2946; x_wconf 89' lang='lat' dir='ltr'><strong>qui</strong></span> 
     </span>
     <span class='ocr_line' id='line_1_29' title="bbox 65 2963 1033 3049; baseline -0.006 -21"><span class='ocrx_word' id='word_1_195' title='bbox 65 2967 155 3041; x_wconf 85' lang='lat' dir='ltr'><strong>probi</strong></span> <span class='ocrx_word' id='word_1_196' title='bbox 170 2971 205 3026; x_wconf 87' lang='lat' dir='ltr'><strong>et</strong></span> <span class='ocrx_word' id='word_1_197' title='bbox 225 2965 304 3026; x_wconf 90' lang='lat' dir='ltr'><strong>insti</strong></span> <span class='ocrx_word' id='word_1_198' title='bbox 319 2971 405 3040; x_wconf 89' lang='lat' dir='ltr'><strong>sunt,</strong></span> <span class='ocrx_word' id='word_1_199' title='bbox 422 2966 630 3043; x_wconf 90' lang='lat' dir='ltr'><strong>utimprobos</strong></span> <span class='ocrx_word' id='word_1_200' title='bbox 646 2985 715 3026; x_wconf 91' lang='lat' dir='ltr'><strong>cum</strong></span> <span class='ocrx_word' id='word_1_201' title='bbox 731 2963 1033 3049; x_wconf 51' lang='lat' dir='ltr'><strong>mausuetudinatoj</strong></span> 
     </span>
     <span class='ocr_line' id='line_1_30' title="bbox 64 3056 1037 3137; baseline -0.004 -17"><span class='ocrx_word' id='word_1_202' title='bbox 64 3059 214 3122; x_wconf 81' lang='lat' dir='ltr'><strong>iuremus.</strong></span> <span class='ocrx_word' id='word_1_203' title='bbox 230 3061 272 3120; x_wconf 83' lang='lat' dir='ltr'><strong>Et</strong></span> <span class='ocrx_word' id='word_1_204' title='bbox 286 3060 428 3137; x_wconf 82' lang='lat' dir='ltr'><strong>quamvis</strong></span> <span class='ocrx_word' id='word_1_205' title='bbox 450 3062 542 3119; x_wconf 86' lang='lat' dir='ltr'><strong>tanta</strong></span> <span class='ocrx_word' id='word_1_206' title='bbox 561 3059 695 3120; x_wconf 86' lang='lat' dir='ltr'><strong>crimina</strong></span> <span class='ocrx_word' id='word_1_207' title='bbox 716 3061 875 3120; x_wconf 87' lang='lat' dir='ltr'><strong>intuentes</strong></span> <span class='ocrx_word' id='word_1_208' title='bbox 897 3056 1037 3127; x_wconf 77' lang='lat' dir='ltr'><strong>maximo,</strong></span> 
     </span>
     <span class='ocr_line' id='line_1_31' title="bbox 65 3153 1034 3228; baseline -0.005 -13"><span class='ocrx_word' id='word_1_209' title='bbox 65 3156 163 3215; x_wconf 86' lang='lat' dir='ltr'><strong>animi</strong></span> <span class='ocrx_word' id='word_1_210' title='bbox 184 3153 356 3216; x_wconf 85' lang='lat' dir='ltr'><strong>afficiamur</strong></span> <span class='ocrx_word' id='word_1_211' title='bbox 378 3153 496 3226; x_wconf 85' lang='lat' dir='ltr'><strong>dolore,</strong></span> <span class='ocrx_word' id='word_1_212' title='bbox 519 3153 663 3212; x_wconf 83' lang='lat' dir='ltr'><strong>volumus</strong></span> <span class='ocrx_word' id='word_1_213' title='bbox 686 3155 788 3214; x_wconf 89' lang='lat' dir='ltr'><strong>tamen</strong></span> <span class='ocrx_word' id='word_1_214' title='bbox 812 3156 959 3228; x_wconf 84' lang='lat' dir='ltr'><strong>utrosque</strong></span> <span class='ocrx_word' id='word_1_215' title='bbox 981 3166 1034 3226; x_wconf 61' lang='lat' dir='ltr'><strong>pu·v</strong></span> 
     </span>
     <span class='ocr_line' id='line_1_32' title="bbox 65 3245 1032 3324; baseline -0.005 -15"><span class='ocrx_word' id='word_1_216' title='bbox 65 3253 155 3310; x_wconf 87' lang='lat' dir='ltr'><strong>terne</strong></span> <span class='ocrx_word' id='word_1_217' title='bbox 176 3247 318 3324; x_wconf 83' lang='lat' dir='ltr'><strong>alloqui,</strong></span> <span class='ocrx_word' id='word_1_218' title='bbox 342 3246 475 3308; x_wconf 90' lang='lat' dir='ltr'><strong>utboni</strong></span> <span class='ocrx_word' id='word_1_219' title='bbox 498 3245 532 3306; x_wconf 89' lang='lat' dir='ltr'><strong>in</strong></span> <span class='ocrx_word' id='word_1_220' title='bbox 560 3245 721 3322; x_wconf 87' lang='lat' dir='ltr'><strong>proposito</strong></span> <span class='ocrx_word' id='word_1_221' title='bbox 751 3250 914 3322; x_wconf 86' lang='lat' dir='ltr'><strong>perstent,</strong></span> <span class='ocrx_word' id='word_1_222' title='bbox 937 3246 1032 3320; x_wconf 85' lang='lat' dir='ltr'><strong>utque</strong></span> 
     </span>
     <span class='ocr_line' id='line_1_33' title="bbox 64 3336 1033 3426; baseline -0.006 -26"><span class='ocrx_word' id='word_1_223' title='bbox 64 3341 202 3420; x_wconf 89' lang='lat' dir='ltr'><strong>improbi</strong></span> <span class='ocrx_word' id='word_1_224' title='bbox 224 3341 256 3400; x_wconf 91' lang='lat' dir='ltr'><strong>in</strong></span> <span class='ocrx_word' id='word_1_225' title='bbox 279 3341 363 3402; x_wconf 88' lang='lat' dir='ltr'><strong>viam</strong></span> <span class='ocrx_word' id='word_1_226' title='bbox 377 3343 580 3414; x_wconf 87' lang='lat' dir='ltr'><strong>reducantur,</strong></span> <span class='ocrx_word' id='word_1_227' title='bbox 597 3344 630 3400; x_wconf 90' lang='lat' dir='ltr'><strong>et</strong></span> <span class='ocrx_word' id='word_1_228' title='bbox 644 3357 715 3399; x_wconf 86' lang='lat' dir='ltr'><strong>suas</strong></span> <span class='ocrx_word' id='word_1_229' title='bbox 730 3339 925 3416; x_wconf 86' lang='lat' dir='ltr'><strong>poenitentia</strong></span> <span class='ocrx_word' id='word_1_230' title='bbox 946 3336 1033 3426; x_wconf 81' lang='lat' dir='ltr'><strong>ducti</strong></span> 
     </span>
     <span class='ocr_line' id='line_1_34' title="bbox 65 3427 1033 3515; baseline -0.011 -18"><span class='ocrx_word' id='word_1_231' title='bbox 65 3438 173 3515; x_wconf 83' lang='lat' dir='ltr'><strong>culpas</strong></span> <span class='ocrx_word' id='word_1_232' title='bbox 185 3435 322 3495; x_wconf 91' lang='lat' dir='ltr'><strong>eiurent.</strong></span> <span class='ocrx_word' id='word_1_233' title='bbox 336 3437 381 3495; x_wconf 82' lang='lat' dir='ltr'><strong>Eo</strong></span> <span class='ocrx_word' id='word_1_234' title='bbox 396 3435 447 3495; x_wconf 84' lang='lat' dir='ltr'><strong>vel</strong></span> <span class='ocrx_word' id='word_1_235' title='bbox 463 3427 575 3512; x_wconf 86' lang='lat' dir='ltr'><strong>magis,</strong></span> <span class='ocrx_word' id='word_1_236' title='bbox 588 3433 663 3511; x_wconf 89' lang='lat' dir='ltr'><strong>quia</strong></span> <span class='ocrx_word' id='word_1_237' title='bbox 676 3450 733 3510; x_wconf 89' lang='lat' dir='ltr'><strong>per</strong></span> <span class='ocrx_word' id='word_1_238' title='bbox 750 3432 779 3491; x_wconf 93' lang='lat' dir='ltr'><strong>id</strong></span> <span class='ocrx_word' id='word_1_239' title='bbox 796 3431 946 3508; x_wconf 89' lang='lat' dir='ltr'><strong>temporis</strong></span> <span class='ocrx_word' id='word_1_240' title='bbox 958 3427 1033 3488; x_wconf 81' lang='lat' dir='ltr'><strong>baec</strong></span> 
     </span>
     <span class='ocr_line' id='line_1_35' title="bbox 67 3515 1034 3606; baseline -0.01 -15"><span class='ocrx_word' id='word_1_241' title='bbox 67 3529 246 3601; x_wconf 86' lang='lat' dir='ltr'><strong>scribimus,</strong></span> <span class='ocrx_word' id='word_1_242' title='bbox 262 3545 321 3606; x_wconf 92' lang='lat' dir='ltr'><strong>quo</strong></span> <span class='ocrx_word' id='word_1_243' title='bbox 343 3527 483 3591; x_wconf 81' lang='lat' dir='ltr'><strong>sanctius</strong></span> <span class='ocrx_word' id='word_1_244' title='bbox 504 3527 584 3596; x_wconf 84' lang='lat' dir='ltr'><strong>nihil</strong></span> <span class='ocrx_word' id='word_1_245' title='bbox 605 3530 665 3601; x_wconf 86' lang='lat' dir='ltr'><strong>est,</strong></span> <span class='ocrx_word' id='word_1_246' title='bbox 679 3515 822 3604; x_wconf 86' lang='lat' dir='ltr'><strong>quodque</strong></span> <span class='ocrx_word' id='word_1_247' title='bbox 844 3525 909 3598; x_wconf 79' lang='lat' dir='ltr'><strong>sert</strong></span> <span class='ocrx_word' id='word_1_248' title='bbox 931 3540 1034 3602; x_wconf 84' lang='lat' dir='ltr'><strong>secum</strong></span> 
     </span>
    </p>
   </div>
   <div class='ocr_carea' id='block_1_4' title="bbox 0 0 1260 4200">
    <p class='ocr_par' dir='ltr' id='par_1_5' title="bbox 0 0 1260 4200">
     <span class='ocr_line' id='line_1_36' title="bbox 0 0 1260 4200; baseline 0 0"><span class='ocrx_word' id='word_1_249' title='bbox 0 0 1260 4200; x_wconf 95' lang='lat' dir='ltr'><strong> </strong></span> 
     </span>
    </p>
   </div>
  </div>
 </body>
</html>
