2456 4192
257 328 339 400 dam,
356 329 618 408 evertendamque
639 325 844 400 deveniebat,
869 325 964 387 huius
984 325 1102 404 primae
1122 326 1201 394 Sedis,

255 421 499 499 Episcoporum,
515 421 738 493 sacerdotum,
761 420 969 498 Regularinm
991 419 1150 497 utriusque
1169 437 1201 478 se

258 533 329 586 xus,
344 515 504 591 totiusque
524 514 706 575 Catholicae
727 515 955 575 communionis
976 516 1048 575 iura
1064 514 1201 584 abolebat,

257 623 361 668 sacros
376 605 589 684 supprimebat
602 606 698 680 ritus,
714 607 941 667 ecclesiasticos
955 607 1089 681 reditus,
1105 611 1138 668 et
1150 607 1201 666 luu-

257 701 311 760 dos
331 698 516 776 arripiebat,
532 717 584 760 eas
606 702 729 761 demum
751 698 910 762 inferebat
935 719 1122 776 aerumnas,
1142 717 1201 778 quae

259 793 344 855 credi
366 811 426 852 non
441 796 579 871 possent,
596 793 655 853 nisi
670 793 738 870 ipsa
759 795 1040 872 comprobarentur
1064 796 1201 872 experien

259 892 315 952 tia.
333 889 407 950 Istis
426 891 464 949 ad
484 889 549 950 Nos
570 887 693 962 relatis,
718 907 777 947 non
798 889 956 966 potuimus
977 892 1064 949 certe
1088 907 1144 947 non
1162 887 1201 948 ab·

256 990 437 1046 horrescere
451 985 489 1044 ad
511 983 578 1042 eius
592 983 718 1043 Deoreti
738 983 924 1056 lectionem,
940 982 1085 1060 idemque
1108 980 1201 1042 accidit

256 1079 363 1152 Nobis,
380 1079 459 1156 quod
481 1077 556 1136 olim
578 1078 693 1153 Magno
721 1075 874 1154 Gregorio
896 1075 1128 1152 praedecessori
1152 1075 1201 1134 No·

258 1177 325 1234 stro
346 1172 472 1245 euenit,
489 1171 561 1248 qui,
585 1188 654 1230 cum
682 1169 820 1232 codicem
841 1170 994 1248 quendam
1023 1170 1062 1230 ab
1083 1168 1201 1247 episeopo

256 1265 603 1344 Constantinopolitano
646 1267 927 1342 recognoscendum
965 1265 1154 1341 accepisset,
1178 1275 1201 1319 ac

256 1363 378 1440 priores
399 1363 506 1438 partes
519 1359 741 1436 percurrisset,
758 1357 925 1419 manifesta
940 1357 1113 1436 pravitatis
1131 1371 1200 1414 vene·

258 1475 299 1516 na
318 1457 455 1515 testatus
469 1455 519 1514 est
531 1453 563 1512 in
579 1470 615 1512 eo
630 1470 662 1512 se
677 1453 830 1529 reperisse
853 1451 909 1531 (l):
936 1452 1009 1511 hinc
1030 1453 1134 1512 animo
1153 1449 1196 1509 No

258 1553 324 1610 stro
343 1549 376 1607 in
398 1565 534 1607 summas
554 1547 771 1625 aegritudines
791 1547 943 1619 coniecto,
961 1565 1031 1606 ecce
1054 1547 1111 1606 sub
1131 1544 1199 1603 finen

256 1641 394 1719 Augusti
414 1642 541 1714 mensis,
551 1629 725 1701 ¹nuntiatur
744 1641 842 1703 Nobis
860 1641 1024 1702 carissimi
1045 1643 1078 1701 in
1102 1638 1200 1702 christo

256 1734 333 1795 Filii
347 1734 459 1796 Nostri
473 1733 625 1794 Ludovici
640 1733 903 1795 christianissimi
924 1735 1021 1812 Regis
1037 1729 1198 1812 postulatio,

257 1846 317 1906 qna
339 1845 457 1888 summo
478 1828 559 1905 apud
580 1828 644 1888 Nos
665 1826 804 1888 instabat
825 1827 947 1900 studio,
974 1833 1011 1887 ut
1032 1823 1199 1888 auctoritate

256 1925 374 1985 Nostra
394 1921 649 1998 approbaremus,
664 1920 779 1980 saltem
790 1938 851 1997 per
868 1923 1072 1997 provisionis
1085 1918 1198 1982 modun,

257 2017 393 2095 quinque
414 2014 531 2074 abillo
553 2015 717 2075 Conventa
740 2016 882 2074 decretos
903 2015 1087 2089 Articulos,
1110 2024 1201 2086 suaque

257 2110 345 2188 regia
366 2108 527 2169 sanctione
547 2108 611 2186 iam
632 2109 844 2169 confirmatos.
862 2109 939 2169 (tum
960 2112 1068 2168 autem
1090 2109 1155 2168 illos
1167 2120 1199 2161 re·

258 2203 342 2282 gulis
363 2201 522 2261 canonicis
536 2201 696 2262 adversari
712 2203 901 2273 videremus,
918 2202 1022 2262 lenius
1043 2205 1143 2263 tamen
1156 2192 1196 2271 ipsi

257 2297 338 2372 Regi
360 2295 856 2376 respondendum'indicavimus,
878 2297 945 2358 Nos
971 2296 1121 2357 articulos
1146 2289 1200 2349 illos

258 2389 393 2450 examini
417 2389 611 2449 subiecturus
632 2389 749 2467 viginti
762 2390 976 2451 Cardinalium
997 2383 1196 2468 congregatio·

258 2485 314 2559 ni,
340 2500 472 2561 quorum
497 2483 693 2560 singulorum
718 2484 891 2545 sententias
912 2484 1008 2544 etiam
1032 2485 1144 2561 scripto
1162 2491 1197 2534 el·

257 2596 379 2656 pressas
394 2576 538 2654 deinceps
559 2595 744 2655 cognoscere
765 2579 830 2639 Nos
844 2577 917 2655 ipsi,
935 2581 1030 2656 atque
1045 2573 1194 2655 expendere

256 2690 314 2749 pro
333 2671 382 2731 rei
410 2670 569 2748 gravitate
591 2672 821 2749 satagebamus.
844 2673 977 2732 Interim
1007 2689 1064 2749 per
1091 2665 1195 2731 Nostral

255 2765 431 2827 familiares
451 2763 593 2825 Litteras
606 2757 609 2764 '
621 2765 722 2842 ipsum
745 2765 867 2825 hortati
899 2783 1005 2826 sumus
1026 2768 1155 2843 Regem,
1172 2752 1194 2810 ul

257 2859 419 2919 universos
440 2858 542 2936 Regni
563 2857 731 2935 Episcopos
751 2858 916 2919 induceret
943 2861 983 2919 ad
1005 2858 1067 2918 sibi
1095 2846 1194 2918 candide

257 2952 442 3029 aperiendos
457 2968 564 3010 sensus
579 2968 661 3024 suos,
675 2951 705 3013 N
707 2949 833 3027 obisque
847 2954 1011 3012 accuratas
1027 2965 1132 3011 eornm
1145 2955 1194 3001 σοῦ·

256 3045 401 3104 siliorum
421 3044 561 3104 rationes
581 3046 795 3121 proponendas
844 3044 875 3103 in
898 3063 973 3122 quas
994 3045 1055 3123 ipsi
1076 3029 1193 3104 conveni·

257 3140 341 3210 rent,
356 3154 453 3213 eaque
473 3138 570 3199 Nobis
584 3136 813 3214 patefacienda,
828 3154 907 3213 quae
929 3136 962 3195 in
978 3140 1069 3198 tanta
1082 3137 1193 3197 locorum

257 3230 408 3290 distantia
428 3231 493 3292 Nos
514 3231 673 3304 laterent,
689 3248 727 3288 ne
749 3229 781 3288 in
804 3230 902 3289 ullam
931 3229 1134 3309 conscientiae
1150 3217 1196 3281 Noe

257 3327 341 3383 strae
363 3322 465 3383 labem
489 3341 648 3401 possemus
667 3322 844 3384 incurrere.
871 3324 1015 3385 Nondum
1038 3299 1195 3402 quidencl

256 3418 322 3478 Nos
342 3417 415 3478 inde
428 3418 575 3495 pervenit
597 3418 663 3478 ulla
677 3419 793 3478 Vestra
814 3417 992 3478 huiusmodi
1015 3411 1192 3497 gerendarum

222 3543 230 3572 Ι
321 3535 355 3587 (1)
372 3532 453 3592 Epist.
465 3534 554 3590 LXVI,
565 3530 612 3579 lib.
623 3534 658 3589 11,
669 3533 731 3580 tom.
745 3534 789 3589 VI,
801 3545 859 3592 pag.
871 3533 928 3580 242.
