2500 4206
52 319 102 380 dia
113 317 159 396 (1)
175 319 290 395 Regis,
308 317 474 378 etexinde
496 318 616 395 poterit
636 319 822 396 Episcopum
844 318 945 398 ipsum
967 307 1023 379 ac-

51 415 194 474 cusatum
216 411 430 472 ecclesiastice
450 413 577 474 iustitie
597 431 751 473 coercere.

113 511 163 569 ll.
188 507 437 585 Archiepiscopi,
452 508 609 585 Episcopi,
633 511 665 567 et
687 507 853 570 universae
871 527 1023 587 personae

52 603 163 682 regni,
187 602 240 679 qui
262 603 300 661 de
321 619 396 678 rege
421 606 532 662 tenent
552 603 583 661 in
606 603 726 679 capite,
749 604 884 664 habeant
905 622 1025 682 posses·

52 700 156 758 siones
178 715 250 758 snas
272 697 309 756 de
330 699 436 774 Rege,
451 697 535 757 sicut
555 697 733 770 Beroniam‚
749 702 783 756 et
803 698 874 758 inde
896 717 1023 776 respon·

51 797 148 858 deant
170 790 356 852 iustitieriis
379 794 413 849 et
433 790 589 852 ministris
610 790 724 867 Regis3
749 795 783 851 et
805 798 975 870 sequantur
990 796 1024 852 et

51 889 173 950 iaciant
189 903 295 945 omnes
321 884 527 945 rectitudines
542 888 576 944 et
596 885 837 946 eonsuetudines
858 887 974 965 regias,
990 890 1023 946 et

51 983 137 1042 sicut
158 981 257 1040 ceteri
279 982 428 1050 Ramnes,
451 979 566 1040 debent
587 979 740 1039 interesse
761 978 887 1039 iudiciis
909 981 1022 1042 Curiae

50 1074 150 1152 Regis
172 1091 241 1132 cum
262 1071 455 1143 Beronibus,
474 1089 632 1148 quousque
654 1072 858 1148 pervenietur
879 1075 917 1132 ed
932 1074 1022 1134 dimi-

50 1167 215 1228 nutionem
239 1165 467 1238 membrorum,
488 1164 540 1225 vel
563 1166 600 1224 ad
621 1170 766 1224 mortem.

114 1261 163 1321 12.
187 1261 263 1321 Gum
285 1258 450 1319 vacaverit
464 1258 772 1335 Archiepiscopetus,
790 1259 841 1318 rol
855 1260 1022 1336 Episcopa-

51 1361 117 1428 tus,
135 1355 188 1414 vel
201 1352 347 1423 Abbatia,
363 1352 415 1413 vel
430 1352 595 1412 Prioratus
610 1355 647 1412 de
667 1352 802 1412 dominio
823 1354 939 1430 Regis3
955 1371 1022 1413 esse

51 1450 147 1509 debet
162 1448 193 1506 iu
208 1465 302 1507 mauu
318 1445 436 1524 ipsius,
455 1449 488 1506 et
509 1446 581 1504 inde
602 1446 755 1523 percipiet
776 1464 880 1506 omnes
902 1447 1023 1508 reditus

52 1547 85 1604 et
107 1542 214 1603 exitus
236 1541 317 1600 sicut
342 1539 512 1600 dominicos
532 1540 654 1601 reditus
682 1557 764 1600 suos.
788 1542 919 1600 Etcum
949 1560 1024 1600 ven·

51 1641 122 1698 tum
144 1635 243 1695 inerit
258 1637 295 1696 ed
319 1635 542 1696 consulendum
566 1634 757 1705 Ecclesiam,
773 1633 865 1693 debet
879 1636 1023 1695 dominus

52 1733 125 1792 Rex
152 1731 300 1791 mandare
328 1730 466 1806 potiores
495 1747 641 1806 personas
666 1728 836 1802 Ecclesiae,
859 1728 944 1788 etin
968 1731 1025 1790 (ie-

52 1824 140 1901 pelle
155 1823 253 1900 ipsius
267 1822 351 1899 regis
374 1823 466 1882 debet
487 1820 556 1882 fieri
571 1822 686 1881 electio
708 1839 835 1881 assensu
850 1821 948 1898 ipsius
963 1823 1024 1882 Re-

52 1915 115 1993 gis,
130 1920 165 1974 et
178 1914 308 1974 consilio
323 1931 525 1991 personarum
542 1913 655 1990 Regni,
671 1930 748 1989 ques
770 1914 807 1972 ad
831 1915 889 1972 hoc
907 1914 1023 1973 facien-

53 2012 127 2069 dum
150 2009 364 2069 advocaverit.
387 1998 430 2068 Et
451 2007 565 2067 ibidem
588 2006 685 2067 faciet
705 2007 825 2067 electus
846 2008 1022 2085 bomaginm

53 2105 86 2163 et
108 2102 296 2162 fidelitatem
310 2101 410 2179 Regi,
426 2100 509 2161 sicut
522 2101 600 2178 ligio
614 2099 658 2178 (2)
674 2099 799 2159 domino
818 2117 886 2173 suo,
902 2103 940 2160 de
955 2102 1024 2161 vite

52 2213 110 2255 sue
131 2197 165 2254 et
186 2193 347 2267 membris,
370 2197 402 2252 et
423 2193 459 2251 de
481 2194 596 2252 honore
619 2196 767 2268 terreno,
794 2194 883 2254 selvo
912 2194 1022 2255 ordino

53 2305 133 2360 suo,
161 2287 342 2364 prinsquam
367 2289 579 2346 consecretur.

114 2381 164 2440 13.
179 2380 212 2439 Si
225 2380 387 2457 quisquam
398 2382 435 2439 de
450 2380 630 2458 proceribus
642 2381 732 2459 regni
745 2381 1023 2459 distortiaveritffi)

52 2472 316 2550 Archiepiscopo,
341 2475 393 2533 vel
413 2474 583 2552 Episcopo,
607 2476 662 2534 vel
681 2475 911 2535 Archidieoonc
932 2476 970 2534 de
992 2493 1024 2534 se
1085 2507 1089 2518 ·

53 2567 159 2627 suisve
180 2567 338 2628 iustitiam
360 2568 520 2640 exhibere,
537 2561 680 2627 dominns
702 2571 770 2630 Rex
792 2569 884 2628 debet
899 2588 950 2629 eos
972 2569 1025 2628 iu·
1130 2623 1132 2628 .

53 2661 199 2722 stitiare:
222 2664 254 2720 et
275 2660 301 2720 si
323 2660 404 2720 forte
425 2661 541 2737 aliquis
561 2662 759 2722 disibrtiaret
787 2662 909 2722 domino
938 2661 1022 2738 Regi

52 2754 278 2816 rectitudinem
294 2771 393 2828 suern,
409 2753 657 2831 Archiepiecopi,
673 2755 725 2814 rel
740 2754 897 2832 Episcopi,
914 2761 947 2816 et
960 2757 1025 2816 Ar·

52 2847 230 2908 chidiaooni
252 2847 366 2906 debent
387 2864 457 2905 eum
472 2844 633 2905 iustitiare
649 2851 684 2906 nt
699 2848 779 2924 Regi
794 2847 979 2910 satisfaciat.

118 2991 152 3044 (1)
175 2987 214 3036 In
228 2985 413 3035 misericordia
423 2985 494 3048 repis
505 3001 560 3035 esse
570 2988 699 3046 dicuntur,
710 2992 754 3049 qui
766 2990 865 3038 obrute
880 2994 906 3039 et
921 2989 1026 3038 definita

52 3065 159 3124 legibus
179 3064 304 3123 quaedem
325 3065 461 3122 delictas
485 3077 552 3122 rege,
571 3066 641 3123 quali
659 3067 703 3113 ille
723 3068 787 3123 vult,
806 3068 887 3114 mults
907 3066 1027 3125 distringi

53 3141 174 3198 possunt:
188 3153 253 3198 qnae
269 3143 356 3188 temen
372 3141 440 3200 regis
456 3139 631 3188 misericordia
641 3153 693 3187 non
703 3139 847 3188 extenditur
864 3141 897 3189 ed
913 3143 1024 3190 amissio·

53 3229 112 3263 nem
128 3217 267 3264 tenementi
282 3218 337 3265 eivs
353 3218 512 3265 hereditatis.

116 3293 153 3346 (2)
170 3288 268 3350 Liuius
278 3293 410 3340 -Domino
428 3293 465 3342 sio
486 3293 621 3351 obligatus,
633 3295 662 3340 ut
672 3306 730 3341 enm
741 3293 881 3342 obstrictus
898 3294 932 3342 sit
948 3295 1022 3342 tuere

54 3365 180 3414 adversus
195 3368 340 3424 quemlibet.

117 3443 152 3498 (8)
170 3439 485 3505 Deformem-Denegare
494 3447 535 3494 ins
545 3459 661 3506 aequum
669 3447 768 3495 scilicet
776 3447 910 3506 iustitium¹
921 3445 1023 3509 quando

55 3515 88 3565 ab
99 3529 129 3568 eo
139 3518 234 3579 petitur
243 3522 315 3570 ouius
324 3521 430 3570 inuncet
438 3524 468 3570 ut
477 3524 575 3574 rectum
584 3524 638 3572 fiat.
