2372 4198
30 281 75 338 qne
92 263 135 327 ita
153 266 300 343 perlege,
317 271 352 328 nt
373 268 568 329 hortationes
589 267 662 330 illas
683 269 816 330 Nostras
834 267 866 326 in
888 267 972 327 Tuas

30 357 116 418 landes
129 361 274 421 converti
290 366 392 439 putos;
407 381 489 437 cum,
504 366 583 440 qnod
602 363 736 425 maxime
755 363 971 440 precabamur,

29 451 93 509 ale
111 451 177 529 ipso
200 456 271 515 Tua
291 456 352 516 iam
375 461 484 533 sponte
506 460 683 534 susceptum
704 475 771 516 esse
796 455 971 526 videamus,

29 545 125 602 utnon
147 549 213 606 tam
237 549 374 615 aNobis
393 550 430 608 ad
454 550 498 608 Te
512 544 629 610 itcr'um
650 549 713 610 ista
734 549 899 609 deserenda
921 565 973 625 po-

29 635 127 696 stulata
147 639 227 708 sint,
251 659 342 717 qnam
364 643 501 718 agendae
523 641 658 719 gratiae.

72 715 184 790 Tamen
207 732 281 792 Tibi
308 737 472 811 tantopere
493 736 531 796 ad
554 751 659 794 reram
682 735 814 812 gloriam
836 750 893 810 per
913 732 974 791 Te-

26 819 108 895 ipsnm
127 827 314 902 properanti
335 828 449 905 siquid
470 829 598 907 adiungi
618 831 746 891 aNobis
761 831 876 904 potest,
892 825 972 886 illud

27 916 83 987 est,
103 920 181 992 quod
205 919 292 978 omni
326 938 421 999 opera
440 924 520 1000 apud
547 925 591 982 Te
619 921 856 991 contendimus,
881 921 917 978 ut
938 917 971 977 in

26 1005 76 1082 ipso
96 1013 327 1086 praestantium
348 1015 505 1075 actionum
527 1034 632 1090 cursu,
651 1015 683 1074 in
706 1013 902 1074 vindicandis
923 1015 973 1072 tot

27 1093 164 1180 tantisque
187 1105 328 1179 iniuriis,
352 1107 383 1167 in
406 1107 580 1170 iustissimo
601 1110 738 1186 gerendo
759 1111 870 1167 contra
890 1123 973 1165 com-

26 1211 114 1257 munes
135 1200 246 1260 hostes
268 1202 364 1275 bello,
387 1203 419 1262 iu
442 1203 675 1281 propugnandis
703 1219 812 1280 regum
835 1201 971 1260 omnium

25 1283 138 1364 iuribus,
163 1311 331 1370 numquam
355 1296 520 1373 religionis
549 1297 688 1357 rationes
715 1316 735 1356 a
761 1293 876 1355 ceteris
902 1293 973 1370 qni·

26 1377 193 1462 buscomque
224 1387 401 1448 rationibus
422 1389 585 1466 seiungas,
608 1405 788 1464 semperque
810 1385 881 1446 Tibi
903 1403 973 1462 pro-

27 1476 141 1546 positum
163 1481 299 1552 habeas,
321 1483 365 1540 Te
387 1484 489 1555 Tuas,
512 1485 710 1558 Tuorumque
731 1499 899 1558 regnorum
921 1496 971 1540 res

27 1567 77 1625 tnm
97 1589 162 1631 esse
178 1578 327 1634 acturum
349 1577 502 1650 maxime,
525 1594 594 1636 cum
616 1575 781 1652 religionis
803 1572 973 1650 iutegrita-

27 1656 45 1713 ti
67 1669 284 1741 prospexeris,
308 1685 376 1728 cum
405 1685 507 1728 sacros
530 1670 656 1742 cultus,
679 1685 749 1726 cum
778 1667 971 1728 catholicam

27 1751 196 1833 Ecclesiam,
221 1760 348 1837 eiusque
370 1764 523 1822 unitatem
546 1763 576 1820 in
599 1760 773 1839 apostolica
800 1761 879 1820 Sede
901 1759 972 1818 lon·

28 1844 111 1908 datam
143 1854 260 1931 ubique
294 1855 513 1927 constitueris3
535 1855 667 1932 Tibique
687 1855 801 1931 plane,
824 1853 876 1912 vel
904 1852 971 1927 ipso

29 1939 194 2012 gallicarum
225 1948 496 2024 perturbationum
525 1948 669 2025 exemplo
690 1948 894 2025 persuadeas,
918 1964 973 2021 pu-

28 2027 158 2097 blicarum
193 2057 301 2099 rerum
333 2058 483 2100 summam
515 2042 546 2099 in
568 2059 604 2100 eo
634 2041 737 2113 verti,
761 2039 882 2099 scilicet
911 2055 971 2096 non

31 2125 76 2186 tm
96 2132 244 2206 humana,
264 2152 354 2212 quam
377 2135 485 2194 divina
506 2135 566 2194 fide
595 2135 750 2194 contineri
771 2140 804 2194 et
825 2133 974 2193 consiste-

28 2232 52 2274 re
69 2239 177 2300 regna,
195 2231 289 2304 atque
304 2228 425 2288 abiecta
446 2227 612 2305 religione,
627 2229 659 2286 iu
676 2229 830 2289 tumultus
852 2229 970 2298 eadem,

29 2313 215 2394 rebelliones,
238 2340 273 2380 ac
294 2321 417 2381 ruinam
441 2339 553 2381 vesano
575 2321 832 2399 pravissimarum
853 2320 972 2398 opinio-

30 2421 84 2468 tum
109 2412 247 2492 impulsu
270 2414 420 2476 facillimo
441 2415 675 2491 miserrimeque
696 2416 828 2493 prolabi.
850 2417 971 2490 ltaque,

32 2500 66 2558 rel
84 2503 113 2564 in
135 2508 397 2581 administrando,
421 2508 472 2566 vel
495 2508 526 2566 in
549 2513 757 2586 componendo
779 2508 881 2580 bello,
898 2507 972 2566 illae

29 2595 147 2663 potiores
170 2603 250 2679 apud
285 2603 329 2660 Te
352 2620 417 2660 esse
440 2602 553 2662 debent
573 2603 788 2675 conditiones,
810 2620 888 2678 quae
910 2603 973 2660 Re·

29 2699 74 2757 800
92 2693 146 2754 Dei
174 2693 381 2768 conveniant,
404 2697 482 2754 unde
510 2695 541 2753 in
571 2699 676 2754 cetera
701 2695 835 2754 humana
863 2697 973 2771 Regna

28 2783 109 2842 omnis
130 2788 272 2864 publicae
291 2787 456 2864 potestatis
477 2787 525 2846 vis
541 2787 693 2864 vigorque
715 2791 889 2864 promanat.

75 2875 159 2940 Hunc
181 2881 213 2940 in
235 2883 356 2939 modum
372 2881 529 2940 faventem
551 2879 634 2952 Tibi,
650 2880 882 2957 propitiumque
904 2882 974 2939 red-

28 2960 69 3024 des
87 2986 194 3050 regum
216 2976 352 3050 Regem,
375 2961 637 3050 imperiorumque
662 2976 821 3031 auctorem
850 2977 882 3032 et
903 2991 974 3032 con·

29 3068 224 3142 servatorem,
246 3086 281 3127 ac
306 3067 457 3127 victoriae
478 3065 705 3142 felicitatisque
726 3066 825 3126 omnis
844 3067 974 3144 largito·
1010 3139 1012 3146 Ι

28 3161 80 3210 lem
107 3159 213 3220 Deum.
243 3163 418 3238 Numquam
445 3162 509 3221 Nos
535 3164 703 3237 propterea
730 3159 973 3222 intermittimus

29 3240 59 3296 bd
83 3245 178 3323 ipsum
201 3270 255 3330 pro
278 3255 345 3326 Te,
366 3253 526 3312 carissime
547 3253 579 3310 in
611 3253 738 3313 (lhristo
759 3252 823 3312 Fili
844 3255 971 3327 Noster,

28 3345 74 3404 llo
92 3341 156 3405 Tua
169 3346 402 3424 Angustissima
419 3349 527 3421 Domo,
543 3347 679 3423 Tuisque
701 3347 901 3424 amplissimis
923 3366 974 3407 re·

31 3428 87 3496 tuis
106 3444 179 3500 rota
198 3441 324 3515 facere,
345 3457 441 3516 eaque
461 3439 679 3517 coniungimns
706 3459 775 3500 oum
801 3442 973 3519 apostolica
