2372 4198
650 249 689 263 ..
709 217 770 276 324
795 248 833 264 .-

257 329 457 390 Litterarnm
489 323 653 386 informa
676 323 812 394 Brevis,
835 322 960 383 Gallica
978 323 1014 380 et
1040 317 1181 386 Germanis

259 423 367 498 lingua
381 419 643 497 conscriptarum,
660 419 788 495 perinde
802 433 838 476 ao
854 416 880 475 si
892 415 968 476 illae
982 416 1076 474 datae
1089 413 1181 484 fuisses

259 519 281 576 ἀ
301 515 448 585 Romani
468 511 585 572 Sainte
598 512 708 570 Μανία
728 504 888 582 Mnjeure,
907 527 979 570 sous
1001 506 1181 578 l'Anneond

259 608 421 679 Pteleon,
446 607 474 665 le
493 604 516 662 2
535 606 634 664 Anril
657 603 743 661 1792
765 602 822 682 (1),
844 602 1085 680 quatuordecim
1105 601 1181 672 seilint

259 703 368 762 diebus
381 704 453 777 post
473 698 602 759 ultimas
617 702 742 758 nostras
762 697 916 766 Litteras,
933 697 1050 774 quibus
1071 695 1181 770 adseripl

260 799 309 856 est
330 794 396 854 dies
411 793 448 854 19
462 791 630 869 praeteriti
650 791 771 851 Martii.
788 793 855 850 Hae
869 791 968 850 falsae
979 791 1134 861 Litterae,
1146 803 1181 864 qu

259 905 329 947 rom
345 886 472 945 initium
494 889 553 944 est:
569 885 669 944 Notre
689 902 777 945 coeser
795 887 957 960 paternel,
971 884 1117 943 inaudita
1129 889 1181 946 en

259 982 357 1042 ritate
386 980 482 1040 falsas
510 979 674 1038 declarant
695 995 802 1037 omnes
830 979 1023 1055 apostolicas
1047 979 1181 1046 Litteras<

258 1073 357 1136 Nobis
378 1077 527 1133 exaratas
548 1078 641 1149 atque
663 1073 811 1149 vulgatas
834 1075 985 1132 adversus
1009 1073 1133 1132 civilem
1148 1085 1181 1140 eos

259 1169 457 1229 stitutionem
479 1167 557 1226 cleri
579 1166 778 1240 Galliarum,
807 1166 933 1244 eiusque
960 1174 1108 1227 auctores
1132 1184 1145 1224 a

258 1263 399 1323 fautores
414 1259 471 1337 (2),
487 1264 623 1319 exsuunt
644 1266 783 1320 sanctam
806 1261 884 1319 hano
899 1261 1013 1320 Sedem
1032 1279 1090 1319 suo
1103 1259 1152 1317 iuri

259 1356 372 1416 otionis
402 1355 536 1431 primatu
559 1353 627 1430 (3),
649 1352 796 1430 plurimis
825 1354 969 1413 laudibus
998 1371 1157 1431 prosequor

259 1450 440 1509 nniversam
462 1447 741 1520 constitutionem,
765 1447 1000 1523 hortanturque
1025 1449 1156 1524 populos,

261 1541 412 1620 episeopis
433 1546 467 1599 et
486 1539 631 1616 parochis
655 1539 967 1598 constitutioualibns
990 1545 1124 1616 pareant
1139 1537 1175 1612 (ll.

321 1637 367 1695 Oh
383 1633 495 1692 infelix
509 1633 650 1692 astntial
667 1631 753 1708 quasi
770 1632 937 1708 unicnique
955 1651 1021 1690 non
1040 1631 1180 1710 pateretis

262 1747 331 1789 rum
362 1728 544 1787 litterarum
572 1725 696 1786 falsitas
721 1729 815 1802 atque
842 1726 1028 1798 calumnia,
1053 1728 1115 1785 sive
1136 1725 1179 1781 leet

259 1823 465 1900 inspiciatur,
494 1820 546 1879 ubi
571 1820 660 1880 datas
686 1819 781 1878 fuisse
809 1820 1029 1897 confingitur3
1057 1823 1117 1881 Nos
1138 1815 1181 1874 enin

261 1918 310 1977 die
331 1918 352 1977 2
373 1915 486 1973 mensis
504 1913 625 1991 Aprilis
647 1913 865 1985 morabamur,
879 1916 1135 1990 quemadmodum
1152 1918 1180 1966 us

260 2029 369 2074 ramur
390 2011 508 2081 adhue,
534 2027 592 2067 non
614 2010 694 2086 apud
717 2009 750 2068 S.
773 2011 905 2070 Mariam
928 2010 1101 2081 Maiorem,
1119 2006 1180 2072 sedt

260 2107 321 2186 pud
345 2107 377 2164 S.
395 2105 545 2176 Petrum3
568 2103 635 2161 sive
657 2103 931 2162 animadvertatur
952 2103 1087 2182 integer
1104 2105 1179 2160 coner

262 2203 337 2270 tus,
363 2200 396 2256 et
417 2196 611 2254 continuatio
644 2193 817 2266 sermonis,
839 2213 899 2271 quo
927 2194 1069 2256 fuerunt
1097 2185 1179 2253 consti

260 2297 344 2370 ptae.
369 2292 412 2350 lbi
443 2291 544 2361 enim,
569 2291 640 2349 dum
662 2295 805 2362 assueta,
827 2290 964 2366 ipsisque
988 2289 1130 2351 familiari
1142 2283 1176 2340 dr·

260 2385 480 2446 cumventione
501 2388 658 2455 utuntur,
683 2385 803 2444 nullum
824 2383 960 2445 afferunt
981 2387 1173 2464 argumentum.

261 2480 339 2556 quod
369 2479 488 2537 centies
518 2495 576 2536 non
600 2477 697 2536 luerit
725 2477 896 2536 refutatum
919 2483 1020 2554 atque
1056 2481 1177 2539 reiense,

260 2573 308 2633 ita
330 2581 366 2632 ut
388 2587 461 2630 vere
483 2570 544 2628 dici
566 2571 675 2647 possit,
692 2572 741 2628 tot
763 2571 792 2628 in
816 2570 883 2629 illis
897 2589 1030 2632 errores
1054 2593 1123 2644 esse,
1138 2585 1162 2644 ql

262 2667 369 2726 verba.
391 2663 614 2736 Nihilominus,
638 2681 674 2722 ue
697 2663 852 2739 simplices
874 2664 1100 2740 decipiantur,
1116 2663 1152 2720 inl

261 2765 368 2819 rentes
381 2759 446 2817 Nos
467 2757 518 2827 iis,
534 2773 613 2832 quae
635 2757 785 2816 adversus
806 2755 982 2816 huiusmodi
1000 2763 1139 2834 corrupta

262 2854 412 2912 nomento
437 2850 603 2926 postremis
624 2849 758 2909 Litteris
776 2848 904 2909 Nostris
932 2853 1135 2927 expressimus

323 3148 358 3202 (ι)
375 3143 398 3207 §.
408 3145 449 3193 49.

324 3219 564 3284 munnam

324 3299 360 3354 (3)
375 3299 398 3360 §.
409 3301 432 3346 8.
445 3301 470 3346 at
479 3309 549 3356 seqq.
1167 3320 1177 3381 p

325 3377 359 3427 (4)
377 3374 399 3435 ξ..
412 3377 453 3422 44.

325 3453 361 3505 a)
377 3451 449 3497 Datis
468 3450 509 3498 die
520 3451 550 3497 19
557 3450 643 3496 Martii
651 3448 729 3496 huius
748 3446 887 3497 anni.v1u.
901 3410 1179 3508 nnm.12vn.§.1nt=l

262 3537 322 3582 psg.
333 3525 388 3571 au.
399 3527 424 3572 et
434 3525 457 3581 S.
471 3523 558 3587 Super
568 3522 666 3584 omnia,
674 3535 733 3583 pag.
744 3525 799 3571 282.

262 2947 318 3004 hoc
340 2944 491 3020 scriptum
512 2942 707 3002 declaramus
728 2941 853 3015 falsum,
876 2936 1180 3291 commentitium]
