2456 4192
628 223 665 236 -
687 191 727 252 58
747 223 786 238 .-

225 300 304 375 qnod
330 315 349 358 a
374 303 463 358 recta
487 299 640 361 sentiendi
663 298 787 359 ratione
815 299 987 367 abhorret,
1014 295 1095 354 illud
1123 299 1195 366 ast,

225 393 298 451 dum
320 387 492 465 contendis,
515 393 595 470 quod
618 397 707 452 actus
728 409 748 451 a
768 392 813 451 Te
834 390 1005 468 illegitime
1027 387 1110 468 gesti
1126 389 1197 465 apti

225 484 290 546 sint
309 486 346 544 ad
371 487 565 562 purgandam
585 484 763 546 Nationslis
784 484 911 545 Decreti
937 484 1015 544 vim.
1038 479 1196 558 Denique,

118 651 120 658 y
227 579 298 636 dnm
320 577 523 638 iureiurando
545 579 591 638 Te
611 577 812 639 obstrinxisti
834 582 945 638 contra
974 576 1138 638 sanctiora
1161 591 1198 635 ac

227 670 417 730 solemniora
438 674 656 742 sacramenta,
683 669 795 747 quibus
821 669 1003 730 devinctum
1029 670 1075 728 Te
1098 671 1198 730 antea

225 763 329 824 teneri
341 781 400 823 non
415 763 577 823 immemor
591 781 658 823 esse
673 763 776 836 debes,
789 763 852 824 iam
863 762 1025 839 pollicitus
1038 779 1071 822 es
1086 761 1198 821 omnia

224 856 401 934 complere,
424 875 501 934 quae
523 858 554 917 in
576 874 612 917 eo
631 857 855 932 continentur;
878 857 1059 917 continetur
1083 860 1196 916 autem

224 950 397 1027 congeries,
412 955 446 1011 et
460 967 568 1011 saccus
582 951 790 1028 plurimarum
806 952 982 1012 haeresum.

287 1043 346 1103 Sed
368 1061 498 1104 erronee
521 1044 615 1104 nimis
636 1048 669 1105 et
691 1045 901 1105 inverecunde
918 1043 1056 1104 declinas
1068 1043 1195 1120 lapsum

226 1139 341 1209 Taum,
356 1137 435 1213 quod
451 1153 560 1214 nempe
575 1138 676 1197 solnm
687 1139 841 1216 ¹exterius
862 1138 1033 1210 iuraveris,
1049 1135 1194 1196 seiuncta

223 1230 371 1291 interiori
385 1230 482 1290 animi
495 1232 707 1305 consensione,
722 1233 981 1309 quemadmodum
995 1235 1193 1291 commentus

225 1323 419 1400 estquidam
441 1324 661 1402 Philosophus,
676 1326 729 1402 qui
751 1325 915 1386 inventum
938 1323 1116 1385 huiusmodi
1138 1343 1194 1384 ex-

225 1417 393 1495 cogitavit,
408 1417 569 1496 indignum
586 1418 739 1497 proiecto,
755 1421 833 1497 quod
857 1420 942 1480 ullus
962 1419 1192 1496 amplectatur,

183 1504 187 1518 '
225 1515 384 1591 tamquam
407 1529 426 1571 a
446 1511 572 1572 iurandi
593 1512 765 1574 sanctitate
786 1510 935 1584 alienum,
956 1516 989 1572 et
1010 1529 1030 1571 a
1049 1512 1193 1571 naturali

225 1603 294 1682 ipsa
313 1605 485 1666 abhorrens
506 1606 695 1679 honestate3
718 1623 790 1665 nam
811 1604 935 1683 quoties
956 1604 1091 1666 assertio
1114 1605 1192 1664 haec

226 1701 379 1776 producta
405 1698 484 1773 fuit,
507 1700 603 1760 toties
624 1717 692 1759 eam
713 1699 854 1761 Ecclesia
884 1698 1070 1778 proscripsit
1096 1702 1192 1776 atque

226 1791 399 1853 damnavit.
422 1793 507 1860 Quae
528 1793 565 1852 ad
587 1792 710 1853 Galliae
731 1794 900 1872 Episcopos
920 1793 1099 1872 propediem
1119 1793 1192 1851 mit-

226 1887 315 1944 tetur
336 1885 508 1962 responsio,
524 1903 561 1946 ca
574 1885 677 1962 palam
692 1884 788 1947 faciet
801 1887 940 1947 'luorum
956 1902 1102 1946 errorum
1119 1902 1191 1962 pra·

225 1978 373 2052 vitatem,
389 1996 425 2038 ac
439 1977 533 2038 simul
547 1995 661 2056 poenas
676 1979 872 2057 indigitahit,
888 1997 966 2058 qnae
981 1996 1037 2056 per
1051 1980 1190 2040 Oenones

225 2071 427 2149 infliguntur,
443 2078 478 2132 et
496 2074 533 2132 ad
556 2090 632 2150 quas
646 2091 706 2132 non
722 2073 790 2132 sine
812 2073 909 2134 animi
924 2073 1035 2135 Nostri
1050 2071 1190 2149 aegritu·

227 2165 297 2224 dine
318 2182 427 2226 manus
448 2168 615 2226 admovere
635 2167 737 2227 coacti
759 2167 893 2240 erimus,
916 2168 960 2226 Te
982 2165 1190 2228 cardinalitia

227 2257 323 2318 etiam
344 2258 503 2336 dignitate
524 2262 698 2333 exuentes,
726 2259 785 2319 nisi
811 2259 966 2338 publicam
988 2258 1188 2319 offensionem

227 2350 419 2426 tempestiva
431 2369 467 2410 ac
482 2351 577 2430 digna
590 2351 1057 2426 satisfactioneretractaveris.

286 2443 350 2503 Nos
371 2443 603 2523 interimque·
625 2446 828 2506 vehementer
849 2451 982 2523 paterna
1003 2462 1079 2506 cura
1101 2445 1189 2504 solli-

226 2535 318 2608 citat,
342 2553 380 2596 ne
402 2539 449 2597 Tu
471 2555 595 2599 errores
621 2539 784 2600 erroribus
808 2539 959 2611 cumules,
981 2543 1015 2600 et
1036 2557 1075 2599 no
1096 2539 1190 2598 silen-

228 2629 308 2690 tium
328 2631 480 2692 Nostrum
505 2631 571 2692 loco
596 2631 831 2710 approbationis
855 2631 1013 2708 accipias,
1039 2633 1097 2692 has
1118 2631 1188 2692 Tibi

227 2723 315 2786 nulla
342 2725 511 2787 interiecta
539 2743 628 2786 mora
650 2727 793 2788 Litteras
821 2727 998 2802 mittimus,
1020 2729 1065 2788 Te
1093 2727 1187 2788 etiam

226 2824 320 2898 atque
342 2821 436 2881 etiam
458 2821 490 2880 in
510 2823 639 2882 Domino
655 2823 831 2894 hortantes,
848 2825 884 2881 ut
911 2822 1020 2882 statim
1044 2822 1084 2883 ab
1107 2822 1187 2880 incc-

227 2914 281 2991 pto
302 2914 456 2988 desistas,
477 2914 610 2992 Tibiqne
633 2915 820 2992 praesertim
845 2915 1072 2993 praecipimus,
1095 2933 1134 2974 ne
1154 2931 1186 2972 eo

156 3002 163 3016 '
226 3024 322 3083 usquc
343 3006 577 3085 progrediaris,
601 3010 636 3067 ut
659 3025 756 3068 novos
778 3008 961 3086 Episcopos,
986 3010 1025 3068 ob
1045 3008 1186 3086 quamvis

102 3099 105 3104 '
226 3100 322 3160 etiam
342 3118 467 3162 causam
489 3101 698 3176 necessitatis,
721 3102 884 3176 instituas,
908 3119 1065 3180 novosque
1085 3101 1186 3163 Eccle-

226 3192 290 3252 siae
304 3192 507 3256 refractarios
528 3196 690 3272 adiungas.
714 3197 757 3256 De
779 3196 848 3256 iure
870 3196 953 3255 enim
973 3195 1095 3274 agitur,
1111 3196 1185 3273 quod

227 3285 317 3345 unice
338 3291 461 3365 spectat
475 3289 513 3350 ad
528 3289 740 3366 Apostolioam
754 3289 879 3363 Sedem,
895 3289 988 3350 iuxta
1007 3286 1185 3348 Tridentini

226 3379 357 3442 Consilii
378 3381 577 3456 sanctiones,
603 3385 743 3461 qnodque
764 3383 909 3460 arrogari
936 3382 997 3443 sibi
1022 3400 1043 3443 a
1067 3382 1207 3443 nemine¹

227 3478 334 3552 potest
354 3477 591 3554 Episcoporum,
614 3481 670 3538 aut
690 3476 1019 3554 Metropolitanornm‚
1035 3475 1111 3553 quin
1126 3476 1183 3536 Nos
