2364 4198
234 315 318 378 lecta
336 317 400 388 est,-
414 314 597 390 afficiamur,
612 317 732 394 pluries
751 316 852 390 vebis,
867 320 902 376 et
914 313 1033 376 litteris
1052 317 1084 374 et
1100 312 1171 386 inus

234 410 296 470 biis
316 409 512 487 argumentis
533 410 791 489 significavimus.
814 411 1024 489 Quapropter,
1044 405 1171 486 quantun

233 505 266 564 in
288 505 384 566 Nobis
404 503 484 578 fuit,
507 505 562 566 Dei
584 508 753 567 adiuvante
775 506 899 584 gratia,
924 503 1061 567 torrenti
1080 496 1172 582 iniqui-l

234 597 314 657 tatis
329 596 480 674 obsistere
501 599 601 658 adhuc
622 598 730 659 conati
751 617 869 672 sumus;
890 601 925 658 et
944 598 1098 676 quoniam,
1112 596 1172 682 sicut}

236 707 336 768 nuper
357 692 553 769 accepimus,
575 709 613 751 eo
635 701 730 769 usque
756 710 934 769 processum
954 695 1022 764 est,
1044 696 1080 751 ut
1098 687 1172 776 nequi

236 783 341 843 cultus
363 783 502 856 divinus,
524 803 624 862 neque
644 785 808 863 religionis
830 789 956 846 nostrae
984 783 1128 862 mysteria

234 877 449 936 caeremoniae
464 877 566 954 palam
577 897 614 938 ac
628 879 764 940 serratis
778 878 928 939 ecclesiae
941 877 1077 955 legibus,
1091 789 1173 956 pera&

236 968 369 1045 possint,
385 969 459 1029 hinc
480 971 559 1031 utile
573 976 667 1048 atque
681 971 853 1032 catholicae
868 970 1017 1048 religioni
1029 957 1173 1047 proficuuui

234 1060 378 1122 futurum
406 1062 475 1123 fore
503 1064 655 1126 arbitrati
676 1083 808 1138 sumus,
837 1064 1002 1143 apostolici
1031 1059 1174 1138 ministerii

235 1154 414 1215 humilitati
436 1161 561 1217 nostrae
575 1175 616 1217 ex
630 1159 697 1217 alto
711 1158 894 1220 concrediti
907 1160 1015 1235 partes
1031 1158 1111 1217 bisce
1121 1147 1174 1231 quor

234 1265 294 1324 que
316 1249 448 1325 desuper
470 1248 685 1328 interponere,
701 1270 737 1314 ac
760 1270 816 1312 vus
837 1252 870 1310 iu
891 1255 984 1312 tanta
1004 1269 1109 1312 rerum
1126 1265 1174 1326 port

235 1342 430 1415 turbatione,
447 1342 478 1400 in
493 1361 554 1419 qua
568 1343 726 1404 Ecclesiae
742 1344 927 1421 disciplinae
948 1343 1058 1420 capita
1078 1343 1161 1402 minius

237 1435 360 1494 servari
383 1441 524 1512 possunt,
540 1437 579 1497 ab
593 1437 634 1497 iis
655 1439 687 1498 in
709 1441 800 1515 parte
821 1438 928 1516 aliqua
942 1439 1083 1510 solvere,
1097 1440 1175 1511 nupt

236 1529 376 1603 tempore
397 1546 433 1588 ac
461 1546 496 1588 re
524 1531 704 1604 consulere,
733 1529 848 1608 quidve
875 1531 1031 1608 optimum
1058 1530 1175 1591 adbibere

238 1620 385 1682 valeatit.

295 1715 362 1775 Nos
383 1715 490 1792 itaque
512 1716 655 1778 vestrum
677 1717 762 1780 votis
775 1735 914 1780 annuere
928 1717 1088 1788 volentes,
1101 1719 1176 1798 etro,

236 1809 339 1868 strum
362 1808 541 1886 singulares
563 1827 710 1887 personas
730 1829 749 1873 a
769 1810 933 1886 quibusvis
952 1807 1176 1872 excommunico,

236 1903 344 1976 tionis,
357 1903 569 1981 suspensionis
583 1908 618 1964 et
631 1904 806 1977 interdicti,
827 1903 959 1980 aliisque
981 1899 1176 1964 ecclesiasticis

236 1996 414 2070 sententiis,
430 1995 570 2056 censuris
591 2001 624 2058 et
645 1997 764 2074 poenis,
787 2015 809 2059 a
827 2013 896 2056 rure
923 1996 974 2056 rel
996 1997 1039 2058 ab
1060 1994 1169 2060 homine,

235 2091 347 2168 quavis
367 2090 539 2152 occasione
537 2081 603 2153 vel
623 2109 716 2152 causa
737 2091 794 2153 lat
772 2095 830 2161 trs,
854 2089 880 2149 si
901 2089 1047 2167 quibus'
1038 2090 1124 2150 rnncd
1111 2089 1170 2146 uam

236 2184 417 2256 exsistunt,
433 2186 472 2244 ad
497 2183 642 2243 ellectum
670 2183 881 2261 praesentium
903 2185 1075 2245 dumtaxat
1099 2195 1170 2242 cene

235 2278 410 2353 quendum,
429 2277 541 2336 hurum
569 2276 652 2339 serie
679 2274 880 2336 absolventes
901 2278 936 2336 et
956 2275 1116 2336 absolutas
1131 2272 1167 2332 loe

235 2373 420 2443 censentes,
450 2369 731 2447 supplicationibus
755 2368 929 2436 multorum
949 2385 990 2431 ex
1011 2368 1126 2429 Ordine
1139 2379 1164 2422 u·

236 2468 322 2537 stro,
353 2463 406 2541 qui
433 2463 624 2540 apostolicae
653 2461 727 2523 huic
752 2461 842 2521 Petri
870 2462 1050 2532 cathedrae
1072 2459 1166 2522 firmitu

236 2559 421 2629 adbaerent,
444 2563 539 2636 atque
559 2556 720 2620 Ecclesiae
741 2556 864 2617 iurat
833 2574 848 2616 s
851 2559 963 2618 trenue
986 2559 1125 2626 tuentur,
1141 2567 1171 2609 nr

235 2650 320 2711 mine
332 2650 429 2713 Nobis
450 2650 579 2712 humilit
566 2655 616 2710 ter
630 2649 784 2728 porrectis
798 2647 956 2722 inclinati,
972 2642 1173 2716 Fraternitsti·

235 2746 291 2804 bus
306 2743 435 2817 vestris,
447 2746 484 2804 de
499 2763 632 2822 quorum
648 2743 707 2802 fide
722 2761 757 2803 ac
772 2741 937 2820 religionis
950 2741 1019 2802 zelo
1035 2742 1172 2821 plurimun

235 2838 432 2911 confidimus,
455 2837 643 2899 durantibus
665 2823 883 2915 praesentibus
904 2836 996 2912 regni
1011 2836 1128 2896 Galliae
1141 2847 1173 2887 ct·

235 2931 445 3005 lemmatibus,
462 2950 498 2992 ac
516 2933 555 2992 ad
575 2933 726 2993 Nostrum
748 2932 782 2990 et
802 2933 894 3006 apost
881 2927 994 2988 tolicae
1010 2929 1100 2988 Sedis
1112 2927 1172 2985 bene

236 3024 336 3103 placit
339 3042 411 3097 um,
439 3028 594 3102 quatenus
621 3028 735 3104 urgeat
767 3023 959 3095 necessitas,
985 3025 1021 3102 et
1048 3016 1172 3084 Ecclesiae

236 3117 362 3178 utilitas
387 3119 418 3179 id
444 3121 515 3195 post
502 3117 607 3192 t,ulet
637 3116 730 3178 iuxta
757 3114 959 3195 prudentiam
988 3105 1078 3175 uobis
1100 3112 1172 3173 abu

151 3229 154 3234 ’
235 3212 362 3286 datam,
384 3212 454 3272 olea
475 3229 583 3284 sacra,
607 3229 676 3270 cum
701 3209 898 3287 presbyteris
926 3225 1003 3286 quos
1032 3199 1173 3286 potueritis

234 3305 363 3380 babere,
385 3310 419 3367 et
440 3306 538 3368 etiam
558 3309 653 3366 extra
674 3303 757 3364 diem
773 3301 897 3366 Garnae
913 3303 1056 3375 nomsm,
1070 3299 1173 3378 proult

235 3399 331 3458 sacris
353 3399 522 3460 canonibus
542 3397 782 3476 praescribitur,
798 3397 995 3471 conficiendit
1012 3379 1173 3460 clericosul

232 3497 370 3570 quatuor
389 3493 529 3553 minores
553 3491 692 3566 ordines,
707 3493 862 3568 quatenus
883 3490 956 3553 illos
977 3491 1111 3553 nondun
1130 3493 1175 3542 ⁸¹1⁸·
