2514 4198
632 209 811 269 -114-

241 322 406 384 »mundus
426 319 517 378 novit
538 316 690 394 pericula,
706 319 859 377 rexerunt
874 319 938 376 tam
954 317 1158 393 prudenter,
1172 335 1237 394 pro

241 415 439 494 »quainter
461 413 565 473 hostes
586 411 653 470 eius
674 409 896 470 militaverunt
916 414 984 470 tam
1010 409 1174 482 fortiter,
1203 418 1239 469 et

242 533 261 572 u
276 506 556 586 triumphaverunt
583 509 647 566 tam
676 507 841 581 potenter3
864 501 1006 576 scilieet,
1029 521 1115 579 quae
1149 509 1237 564 ante

241 621 323 666 »me
338 599 468 662 exstitit
489 597 625 670 domina,
649 614 705 674 per
726 614 776 656 me
796 595 945 656 miserum
962 595 1095 656 videtur
1119 598 1241 658 ancil-

240 699 379 770 »landa,
399 693 452 772 qui
474 693 596 754 utinam
617 694 818 768 consumptus
838 695 959 764 essem,
973 707 1012 748 ne
1032 690 1160 750 oculus
1177 709 1234 752 me

242 791 437 852 »videreta

300 883 505 946 Festinanter
519 879 607 939 misit
627 880 762 940 Thomas
782 877 925 949 Litteras
946 877 984 937 ad
1006 877 1235 952 Pontificem,

242 978 332 1056 eique
351 976 467 1036 vulnus
487 973 630 1045 detexit,
653 971 838 1032 medicinam
859 988 1013 1048 quaerens
1036 972 1238 1035 absolutio-

243 1091 313 1133 nem
334 1067 525 1149 postulavit3
548 1071 582 1126 et
601 1065 753 1127 Pontifex
774 1082 956 1143 agnoscens,
973 1067 1134 1127 Thomam
1163 1087 1235 1128 non

241 1188 281 1230 ex
302 1166 432 1246 propria
452 1163 632 1235 voluntate,
648 1162 701 1220 sed
722 1179 762 1221 ex
784 1159 961 1237 improvida
982 1160 1108 1238 pietate
1132 1161 1236 1226 iura-

241 1265 381 1323 mentum
403 1258 565 1329 emisisse,
587 1256 671 1315 iusta
691 1259 865 1315 commotus
885 1254 1113 1328 miseratione,
1145 1276 1234 1334 apo-

242 1356 355 1418 stolica
375 1351 513 1413 absolvit
533 1350 736 1412 auctoritate.
750 1349 895 1409 Litteras
916 1347 1118 1421 Pontifioias,
1135 1353 1233 1412 tam-

242 1467 335 1529 quam
349 1446 482 1508 caelitus
495 1443 553 1504 sibi
568 1442 680 1504 missas
694 1443 831 1502 Thomas
846 1441 996 1518 suscepit,
1012 1435 1068 1500 uec
1085 1444 1232 1505 destitit

242 1547 362 1621 Regem
382 1539 526 1601 suaviter
545 1537 739 1612 fortiterque
752 1552 892 1608 monere,
906 1553 944 1596 ea
958 1535 1122 1614 ingerens,
1138 1558 1229 1616 quac

239 1639 277 1698 ad
299 1634 458 1698 Ecclesiae
485 1629 656 1691 laesionem
678 1630 859 1688 currentem
886 1627 1066 1706 Principem
1093 1633 1227 1693 merito

240 1731 406 1791 retardare
428 1724 620 1785 debuissent.
633 1721 766 1783 Interim
780 1724 850 1782 Rex
866 1721 986 1782 certior
1000 1723 1120 1798 factus,
1133 1731 1228 1803 quod

242 1824 378 1883 Thomas
398 1820 437 1880 ab
459 1817 543 1878 inita
564 1817 772 1894 promissione
794 1818 984 1889 desciverat,
1000 1817 1089 1877 misit
1111 1820 1230 1881 Litte-

242 1933 294 1978 ras
315 1916 353 1976 ad
368 1912 566 1984 Pontificem,
582 1913 694 1988 quibus
708 1914 767 1972 duo
789 1913 848 1972 sibi
869 1912 996 1972 concedi
1017 1911 1224 1988 postulavit.

187 2041 190 2046 ·
241 2009 397 2080 Primum,
411 2009 448 2066 ut
468 2005 711 2065 consuetudines
725 2003 832 2083 regiae
847 2007 966 2066 Romae
986 2006 1225 2082 probarentur;

242 2102 391 2173 alterum,
407 2099 444 2157 ut
460 2096 662 2174 Apostolicae
676 2097 848 2174 legationis
863 2099 1086 2178 praerogativa
1101 2119 1123 2162 a
1136 2103 1226 2163 Oan-

241 2193 397 2256 tuariensi
409 2191 551 2252 Ecclesia
571 2192 611 2251 ad
631 2191 858 2253 Eboracensem
880 2192 1128 2255 transferretur.
1144 2198 1224 2258 Pri-

241 2306 324 2349 mam
345 2285 532 2364 petitionem
552 2283 701 2346 Pontifex
720 2285 844 2360 reieeit,
861 2290 897 2348 ut
915 2307 955 2348 ex
976 2287 1114 2348 Litteris
1129 2291 1223 2351 Tho-

241 2400 310 2444 mae
322 2380 464 2441 directis:
474 2378 609 2440 alteram
620 2379 761 2453 admisit,
773 2380 863 2440 salva
877 2381 1041 2442 honestate
1054 2383 1223 2444 Ecclesia·

241 2474 314 2535 stici
328 2473 468 2547 Ordinis,
479 2477 514 2533 et
534 2490 590 2550 per
610 2472 690 2533 alias
704 2473 903 2550 Apostolicas
916 2475 1059 2536 Litteras
1073 2478 1220 2555 scriptas

240 2568 394 2646 Episcopo
421 2567 612 2628 Eboracensi
640 2568 821 2641 mandavit,
845 2572 881 2628 ut
909 2587 942 2628 se
967 2568 1150 2632 abstineret
1179 2576 1220 2634 ab

241 2663 320 2725 actis
341 2661 570 2723 iurisdictionis
591 2661 624 2720 in
646 2660 810 2738 provincia
829 2661 1065 2738 Oantuariensi,
1081 2683 1169 2726 neve
1186 2669 1218 2728 in

239 2759 331 2819 illam
351 2775 475 2817 crucem
496 2757 647 2817 deferret.
663 2758 866 2818 Postmodum
881 2759 1018 2820 Thomas
1031 2758 1165 2838 aufugit
1184 2763 1218 2822 in

241 2852 380 2925 Gallias,
401 2854 436 2910 et
456 2849 567 2911 deinde
588 2853 738 2924 Romam,
760 2854 793 2912 et
812 2870 832 2912 a
852 2853 1006 2912 Pontifice
1027 2854 1218 2916 humaniter

239 2949 401 3023 exceptus,
424 2944 575 3022 produxit
586 2945 752 3022 scriptum,
767 2945 799 3004 in
814 2963 874 3021 quo
896 2946 1085 3024 legebantur
1100 2951 1216 3027 regiae

240 3037 492 3112 consuetudines,
511 3054 591 3114 quae
611 3037 766 3098 sexdecim
788 3037 937 3115 capitulis
952 3040 1214 3114 continebantur,

240 3151 355 3209 eaeque
376 3131 578 3210 recognitae,
599 3131 736 3192 reiectae
754 3131 894 3193 fuerunt.
913 3134 1051 3193 Tandem
1073 3134 1214 3195 Thomas

240 3225 272 3285 in
293 3225 444 3302 Angliam
472 3242 639 3297 reversus,
661 3225 839 3302 intrepidus
859 3228 899 3286 ad
920 3226 1110 3304 supplicium
1140 3247 1214 3307 pro-

240 3320 354 3395 cessit,
376 3323 410 3380 et
430 3336 548 3378 memor
569 3318 669 3378 divini
691 3319 870 3396 praecepti:
894 3321 984 3388 «Qui
1004 3321 1078 3382 vult
1099 3325 1212 3384 venire

240 3432 259 3476 a
274 3419 345 3492 post
358 3432 419 3488 me,
435 3414 571 3490 abneget
584 3412 796 3488 semetipsum,
811 3418 846 3474 et
860 3414 956 3476 tollat
969 3433 1095 3477 crucem
1107 3436 1211 3491 suam,

240 3525 259 3569 r
273 3515 307 3570 et
327 3510 477 3586 sequatur
491 3524 552 3580 me,
561 3522 586 3566 »ι
593 3505 752 3566 Ecclesiae
767 3507 848 3568 ostia
861 3509 1013 3584 patefecit
1026 3509 1208 3584 lictoribus,
1245 3489 1246 3505 ἵ
