2498 4200
446 231 625 294 -213-

56 338 140 412 ratis,
162 339 353 417 restrosque
366 339 464 402 Nobis
482 340 599 414 luctus,
621 359 657 402 ac
677 339 906 402 sollicitudines
922 358 1020 418 expo-

56 433 139 510 nitis3
163 450 338 510 opemque,
354 438 504 510 quantam
518 433 604 494 bisce
618 434 812 495 aerumnosis
827 433 1020 510 temporibus

53 529 191 592 aNobis
226 545 358 606 sperare
386 528 541 605 potestis,
566 528 735 606 exquiritis
762 548 798 591 ac
826 526 1018 606 imploratis.

55 623 312 684 commendamus
331 622 396 682 Nos
418 620 543 698 quidem
565 638 657 681 curas
677 622 733 683 has
754 623 903 692 vestras,
925 623 1019 696 atque

52 720 235 778 constantes
256 716 290 775 in
312 717 427 776 tuendo
449 714 596 792 imposito
616 714 705 775 uobis
719 715 818 776 officio
837 716 969 787 animos,
985 730 1021 772 ac

55 811 83 869 in
94 813 189 872 tanta
201 827 315 871 rerum
326 809 566 887 perturbatione
580 809 619 867 ad
635 809 715 868 banc
730 814 855 870 sanctae
870 809 960 870 Sedis
970 823 1022 884 pe·

54 908 131 964 uam
148 903 248 964 unice
263 902 479 980 respicientes.
493 903 601 978 Itaque
616 900 770 979 singulari
791 901 824 960 in
845 919 903 962 vos
917 899 1019 961 studio

52 997 237 1075 excepimus
254 995 417 1074 postulata
431 997 541 1054 vestra
555 993 670 1068 omnia,
686 995 784 1071 iisque
799 1012 856 1072 pro
869 998 1021 1072 paternas

55 1092 238 1152 voluntatis
258 1091 292 1149 in
321 1107 377 1149 vos
404 1089 630 1166 propensione,
652 1090 803 1165 quantum
831 1087 864 1146 in
891 1088 1021 1148 Domino

54 1187 290 1258 iudicavimus,
311 1202 352 1244 ex
377 1179 582 1260 spostolicae*
596 1183 799 1243 auctoritatis
823 1183 1022 1260 indulgentia

54 1279 281 1340 satisfacimus.
305 1276 410 1354 Igitur
429 1277 583 1336 insertum
607 1276 691 1336 hisce
711 1276 839 1337 Nostris
859 1276 1021 1353 accipietis

56 1375 262 1452 rescriptum,
285 1389 339 1431 seu
361 1372 535 1444 decretum,
557 1389 616 1447 quo
636 1367 806 1432 facultates
827 1391 846 1432 a
866 1371 955 1431 vobis
970 1389 1022 1449 pe-

55 1467 128 1528 titas
149 1467 347 1544 elargimur.
368 1464 436 1525 Etsi
458 1464 607 1524 liberales
621 1481 697 1542 erga
710 1483 765 1525 vos
781 1464 877 1525 simus
892 1465 925 1523 in
941 1465 1023 1525 clar*

59 1561 174 1635 gicndis
197 1577 259 1638 pro
287 1556 434 1618 dioecesis
461 1557 555 1617 istius
583 1557 768 1617 necessitate
793 1558 1020 1630 facultatibus,

61 1657 158 1714 umen
175 1673 243 1715 non
259 1657 325 1712 tam
339 1670 406 1712 esse
420 1651 595 1712 censuimus
618 1650 823 1712 necessariam
845 1651 927 1709 sacri
939 1649 1021 1709 chri-

60 1751 165 1810 smatis
176 1747 423 1810 administrandi
436 1746 675 1819 concessionem,
688 1764 724 1806 ac
738 1765 798 1808 non
813 1748 878 1806 tam
893 1745 1023 1806 difficul-

61 1843 103 1902 ter
122 1845 273 1904 accidere
294 1859 394 1920 posse,
418 1843 454 1901 ut
475 1841 635 1918 legitimus
650 1841 764 1918 aliquis
780 1840 952 1918 episcopus,
967 1839 1021 1916 qui

62 1932 88 1993 id
113 1938 351 1997 sacramentum
376 1933 598 2024 administret,
628 1933 823 1994 inveniatur.
850 1934 1022 1993 Praeterea

61 2030 273 2090 concessiones
295 2029 427 2089 Nostros
448 2045 509 2087 non
540 2028 602 2087 iam
631 2027 751 2087 directe
778 2026 891 2104 largiti
916 2044 1022 2086 sumus

65 2123 202 2184 omnibus
224 2120 314 2180 vobis
329 2118 463 2180 Vicariis
477 2118 722 2196 capitularibus,
738 2121 791 2179 sed
814 2120 872 2180 tibi
893 2120 960 2196 uni,
976 2121 1022 2178 di-

65 2212 136 2276 lecte
158 2217 223 2289 fili,
246 2213 404 2276 Ludovicc
425 2215 554 2274 Ioannes
583 2213 689 2273 dilart
710 2215 747 2273 de
764 2215 953 2288 Laroantel,
974 2214 1023 2275 ita

64 2309 188 2381 tamen,
214 2309 251 2368 ut
278 2312 311 2368 et
338 2307 411 2368 aliis
435 2307 558 2367 easdem
579 2308 744 2384 delegandi
776 2308 942 2369 fecerimus
962 2308 1023 2369 tibi

64 2407 266 2476 potestatem,
289 2404 385 2478 prout
398 2401 430 2460 iu
445 2400 522 2477 ipsis
543 2401 773 2461 concessionum
788 2401 872 2462 foliis
893 2421 1023 2479 expres·

63 2511 126 2556 sum
148 2496 326 2573 intelliges.
340 2495 431 2555 Nunc
444 2511 521 2555 vero
543 2499 616 2573 post
629 2495 767 2556 indultas
788 2495 956 2557 facultates
970 2514 1024 2555 ve-

66 2589 209 2652 niendum
231 2589 319 2649 nobis
346 2592 430 2648 esset
457 2590 495 2648 ad
524 2589 683 2666 expositas
703 2607 722 2648 a
742 2588 831 2648 vobis
858 2589 890 2647 in
920 2590 1023 2651 altera

64 2682 196 2758 epistola
216 2685 326 2742 uestra
347 2681 567 2742 dubitationes.
583 2683 643 2742 Sed
659 2699 729 2740 cum
747 2681 807 2740 hac
828 2680 1023 2758 gravissimis

65 2775 208 2856 obseptae
229 2775 466 2836 difficultatibus
487 2774 563 2847 sint,
578 2775 730 2852 planeque
750 2773 951 2834 consentiant
969 2775 1020 2848 iis,

64 2885 140 2944 quae
161 2871 219 2931 alii
233 2869 389 2930 Gallicani
410 2868 569 2946 praesules
581 2869 680 2930 Nobis
699 2868 900 2928 dissolvenda
912 2885 1023 2946 propo·

67 2967 207 3037 suerunt,
224 2961 343 3039 optime
364 2961 481 3022 videtis
501 2979 624 3022 necesse
645 2981 724 3036 esse,
740 2965 777 3022 ut
789 2963 855 3024 Nos
875 2961 937 3021 iam
958 2979 1024 3020 sus·
1101 3037 1104 3042 Ι

66 3061 171 3133 ceptae
192 3073 302 3115 eorum
323 3054 565 3115 considerationi
586 3073 646 3114 non
675 3054 812 3129 leviter,
835 3073 891 3114 nec
911 3071 1030 3135 prope-y

68 3155 172 3212 ranter
201 3149 394 3210 insistamus.
417 3149 486 3209 Non
512 3165 608 3226 aegre
635 3147 736 3224 igitur
764 3147 894 3222 feretis,
917 3148 944 3208 si
975 3165 1024 3208 re-

68 3243 214 3321 scriptum
238 3242 417 3302 differamus
431 3241 604 3316 Nostrum,
620 3241 716 3300 donec
736 3242 877 3302 omnibus
897 3245 962 3304 rite
974 3263 1024 3306 ac-

67 3341 233 3413 curateque
257 3335 418 3413 perpensis
445 3337 691 3407 constituamus,
712 3339 807 3412 prout
833 3335 866 3395 in
893 3339 1024 3398 Domino

68 3427 165 3489 visum
187 3429 308 3502 fucrit,
330 3428 520 3489 conveniens
540 3447 576 3488 ac
601 3427 755 3488 uniforme
783 3445 962 3506 responsum
984 3433 1023 3492 ad

69 3534 169 3582 omnes
181 3522 344 3594 Nostrum,
359 3520 398 3582 ad
419 3521 500 3597 quod
521 3519 598 3582 item
619 3539 687 3596 vos,
703 3537 868 3598 omnesque
886 3523 1023 3600 episcopi
