2364 4198
593 215 790 278 ...262-

219 319 445 382 auctoritatem
466 337 655 400 operamque
676 323 849 402 recepturi.
872 326 939 386 Hac
960 343 996 386 re
1015 327 1099 388 certe
1111 327 1173 404 plu·

217 412 317 474 ulmus
336 415 465 476 accedet
484 415 522 478 ad
545 417 632 479 tuam
647 417 782 494 gloriam
796 419 954 502 cumulus,
969 437 1060 496 quam
1074 421 1170 480 hace

217 523 276 566 uua
297 524 337 568 ex
352 508 464 570 relatis
486 511 524 570 da
546 510 728 572 infidelibus
748 511 898 573 maximis
917 512 1063 574 victoriis
1077 514 1172 574 actri-

219 600 354 676 nmphis,
377 603 472 680 atque
486 619 527 664 ax
539 604 666 681 prolato
686 604 719 664 in
735 605 934 666 vasthsimas
949 606 1172 684 uberrimasque

219 694 363 771 regiones
384 696 529 775 imperio,
544 716 580 759 ac
601 701 726 760 demum
748 717 788 760 ex
808 700 953 762 coniecta
972 719 1052 778 pace
1065 719 1173 778 compa·

218 787 310 848 rasti.
334 791 414 851 Dum
435 796 604 869 propterea
623 791 720 852 etiam
745 796 840 872 atque
861 794 960 855 etiam
986 795 1175 871 gratulamur

218 879 280 941 tibi
299 883 337 942 de
358 881 517 945 immensis
531 884 602 946 istis
616 890 778 962 gestarum
794 904 901 948 rernm
915 887 1077 962 laudibus,
1091 892 1175 949 Deum

219 975 256 1035 0.
276 976 320 1038 M.
343 977 468 1056 precari
502 981 838 1042 nonintermittimus
869 1001 925 1061 pro
957 982 1174 1044 incolumitatis

218 1070 292 1128 tuae
313 1068 540 1151 felicitatisque
561 1075 751 1150 constantia,
768 1092 885 1153 proque
899 1077 1018 1138 ceterin
1033 1079 1103 1138 eius
1118 1094 1172 1155 gru·

217 1159 283 1222 tia‘e
305 1165 505 1240 muneribus,
520 1167 631 1244 quibus
652 1167 734 1227 nihil
756 1169 902 1246 amphus,
918 1173 1016 1248 atque
1030 1171 1173 1232 illustriu

218 1257 362 1334 exoptari
386 1276 529 1337 umquam
550 1261 659 1338 possit.

278 1352 392 1412 Datum
407 1356 539 1428 Romae,
554 1355 604 1414 die
618 1356 710 1416 XXV
727 1355 873 1418 Febrarii
887 1356 1101 1434 MDOGXGII,
1112 1361 1163 1419 Pu·

219 1443 359 1508 liflcatm
379 1447 490 1509 Nostri
509 1465 590 1507 anuo
611 1449 728 1509 XVIII.

647 1625 747 1682 ΙΝΙ.

374 1743 537 1789 oamssunu
569 1745 605 1788 nu
622 1745 767 1790 *cannara
798 1745 882 1789 mmo
910 1747 1037 1792 uoarao

547 1847 896 1962 LEOPOLDOR

219 2047 417 2126 Hunyariae
437 2047 522 2125 Reus·
545 2049 745 2127 Apostolico,
762 2065 888 2109 necnon
909 2049 1091 2111 Bohemiac
1108 2044 1172 2124 Κεφ·

279 2141 424 2214 illustri,
444 2143 487 2202 -ie
507 2143 729 2204 Romanorum
749 2142 986 2228 Imperatorem
1008 2145 1117 2206 electe.

368 2297 600 2434 (PIUS
659 2299 878 2376 ΡΑΡΑ
932 2298 1002 2376 VI.

300 2485 486 2546 carissima
500 2485 538 2544 in
552 2485 690 2545 clarinto
707 2486 778 2545 unu
797 2487 937 2558 Noster,
952 2487 1111 2546 salutem

398 2584 434 2640 at
452 2581 690 2651 spontaneum
710 2578 1006 2638 Benedictlonam.

278 2743 356 2804 Post
378 2745 538 2819 peractam
560 2760 599 2801 ax
621 2743 753 2802 Decreta
770 2739 950 2802 Nationalis
971 2740 1093 2802 Gallici
1111 2741 1167 2801 Gon

219 2839 333 2898 ventus
354 2835 583 2913 iniquissimam
605 2835 694 2896 illam
707 2835 897 2902 Nostrarum
919 2831 952 2892 in
976 2833 1086 2894 Gallia
1106 2829 1170 2894 ani·

129 3009 130 3014 ἵ
219 2948 350 3008 quarum
366 2929 523 2990 dillonum
537 2926 786 3006 occupationem,
798 2925 871 3004 quid
886 2925 976 2986 nobis
990 2925 1081 2988 aliud
1095 2940 1171 3002 agen·

221 3026 293 3086 dum
315 3026 404 3099 arat,
426 3042 520 3102 quam
539 3023 606 3084 eiua
627 3023 675 3084 rei
696 3025 885 3084 memorium
913 3019 1128 3093 conscribere,
1146 3019 1169 3076 al

219 3119 258 3181 ad
277 3119 381 3197 regias
404 3119 493 3180 aulas
515 3117 695 3190 dimittere,
720 3135 781 3194 quo
800 3116 874 3178 illan
899 3115 1013 3176 saltem
1035 3116 1075 3176 ad
1098 3112 1167 3180 ialin

218 3216 388 3290 tantaeque
416 3210 595 3272 iniustitiae
623 3209 867 3271 detestationem
900 3201 1171 3270 commoveremusl

217 3307 355 3370 Eandem
373 3307 413 3368 ad
430 3303 824 3378 CaesareamMaiastatem
844 3308 931 3365 tuam
955 3302 1166 3380 quamprimum

220 3399 336 3462 deferri
357 3416 414 3478 per
435 3399 650 3469 venerabilem
671 3399 820 3458 Fratrem
841 3399 989 3460 Ioannem
1007 3394 1167 3472 Bapusua

220 3491 496 3572 archiepiscopum
517 3491 633 3567 Iconii,
657 3489 850 3558 ordinarium
871 3491 1025 3552 Nostrum
1048 3487 1166 3566 apulia
