2374 4196
631 210 669 223 -
690 181 749 239 428
770 213 808 225 -

241 289 359 348 clerum
375 291 407 349 et
423 285 612 347 iustitiarios
625 285 669 365 (1)
682 285 799 345 domini
813 285 899 363 regis
916 289 950 346 et
965 288 1165 364 magnatumre·

242 381 306 459 gni.
332 383 451 441 Harum
473 397 549 439 vero
575 380 831 439 consuetudinum
854 380 1080 456 recognitarum
1097 397 1164 454 quae

166 551 168 554 y
242 478 311 536 dam
335 492 406 551 pars
429 475 460 534 in
483 475 636 534 sexdecim
659 473 807 550 capitulis
828 474 1020 533 continetur.

303 569 331 628 1.
355 571 398 628 De
410 568 614 630 advocatione
627 568 671 647 (2)
685 572 718 626 et
732 568 986 644 praesentatione
1004 565 1167 626 ecelesiarum

242 665 269 724 si
290 665 506 723 controversia
527 666 692 723 emerserit
713 665 797 723 inter
818 664 933 734 laicos,
959 663 1011 723 vel
1032 663 1104 722 inter
1123 663 1167 720 lai-

242 776 292 817 cos
313 760 347 818 et
367 759 507 830 clericos,
524 759 576 817 vel
596 759 681 817 inter
702 758 841 829 clericos,
859 758 891 816 in
907 757 1003 818 Curia
1017 756 1168 815 dominitio-

242 851 290 928 gis
311 854 469 911 tractetur
491 854 524 910 et
545 852 744 911 terminetur.

302 948 332 1006 2.
355 946 512 1006 Ecclesiae
534 948 571 1004 de
593 947 682 1004 leudo
704 946 820 1004 domini
842 946 939 1024 Regis
955 963 1015 1003 non
1030 947 1137 1020 possunt
1147 941 1166 998 in

243 1046 427 1118 perpetuum
450 1039 518 1098 dari
540 1040 654 1116 absque
676 1058 802 1099 assensu
824 1044 857 1100 et
878 1039 1073 1099 concessione
1091 1035 1164 1112 ipsios.

302 1135 332 1192 3.
357 1131 471 1194 Clerici
494 1133 629 1192 accusati
651 1134 688 1190 de
710 1151 900 1208 quacumque
929 1151 976 1204 re,
1000 1129 1164 1191 submonitio

241 1226 415 1287 institiario
437 1227 545 1302 Regis,
563 1227 692 1286 veniant
705 1226 737 1284 in
759 1227 884 1286 Curiam
900 1227 1012 1303 ipsius,
1029 1219 1160 1301 responsuri

242 1321 356 1381 ibidem
369 1321 406 1379 de
418 1321 485 1391 hoc,
500 1322 579 1379 unde
594 1319 754 1380 videbitur
765 1319 878 1379 (iuriae
891 1319 1000 1395 Regis,
1016 1319 1091 1394 quod
1101 1315 1131 1372 ibi
1140 1311 1161 1370 s'u

242 1413 500 1490 respondendum.
525 1414 575 1472 lta
595 1414 674 1488 quod
705 1413 800 1489 Regis
825 1411 1020 1472 iustitiarius
1045 1407 1163 1470 mittel'n

243 1506 368 1566 Curiam
395 1509 520 1564 sanctae
545 1505 703 1563 Ecclesiae
725 1506 761 1564 ad
785 1506 974 1577 videndum,
992 1504 1164 1582 quomodora

242 1598 286 1657 ibi
308 1599 509 1659 tractabitur.
533 1601 575 1658 Et
596 1598 622 1656 si
644 1597 776 1656 clericus
791 1598 954 1657 convictus
969 1599 1021 1658 vel
1046 1597 1164 1656 consessus

243 1691 354 1765 fucrit,
371 1711 429 1751 non
446 1693 537 1750 debet
552 1693 588 1750 de
605 1693 728 1750 caetero
744 1708 814 1748 cum
828 1691 970 1750 Ecclesia
984 1690 1075 1750 tueri.

303 1792 333 1845 4.
356 1784 618 1861 Archiepiscopis‚
635 1785 795 1860 Episcopis
817 1787 849 1842 et
871 1785 1016 1860 personis
1033 1786 1112 1861 regni
1128 1797 1163 1839 non

195 1945 202 1954 ,
242 1881 319 1940 licet
340 1881 427 1938 exire
449 1896 580 1954 regnum
610 1877 724 1952 absque
745 1878 874 1938 licentia
896 1880 1012 1938 domini
1035 1878 1124 1955 Regis.
1141 1875 1173 1942 Et

243 1973 269 2031 si
291 1971 447 2044 exierint,
471 1972 497 2029 si
520 1973 599 2046 Regi
621 1971 789 2046 placuerit,
812 1989 955 2030 securum
978 1990 1049 2030 eum
1068 1971 1161 2030 facient.

242 2066 322 2142 quod
346 2084 400 2123 nec
422 2065 453 2123 in
475 2064 593 2136 eundo,
617 2083 672 2123 nec
695 2065 726 2122 in
749 2064 996 2137 redeundo,ch
1019 2061 1172 2138 morante1

242 2159 371 2230 ciendo,
389 2157 571 2235 perquirent
590 2157 705 2216 malum
728 2159 794 2217 sive
816 2159 962 2216 damnum
979 2159 1096 2217 domino
1110 2152 1160 2226 Regi

243 2254 295 2312 vel
317 2269 425 2328 regno.
1171 2285 1172 2361 p

303 2344 333 2403 5.
357 2345 623 2404 Excommunicati
646 2361 705 2402 non
727 2343 842 2404 debent
862 2346 936 2405 dare
959 2335 1150 2418 vadiumidd

243 2440 488 2510 remanentiam,
505 2457 559 2496 nco
584 2441 746 2513 praestare
768 2438 993 2510 iuramentum,
1017 2441 1066 2500 sed
1080 2441 1154 2496 tanum

244 2533 370 2593 vadium
395 2536 428 2591 et
453 2532 589 2610 plegium
605 2532 649 2610 (4)
666 2531 769 2591 standi
784 2531 901 2590 iudicio
915 2534 1083 2606 Ecclesiae,
1097 2523 1171 2587 atala

245 2628 421 2687 solvantur.
1170 2579 1171 2653 l

303 2722 332 2780 6.
356 2720 444 2782 Laici
473 2739 534 2778 non
564 2720 678 2779 debent
704 2720 846 2780 accusari
874 2721 937 2778 nisi
966 2739 1022 2796 per
1047 2721 1160 2780 certesei

242 2816 360 2892 legales
376 2818 573 2873 accusatores
587 2816 620 2872 ct
636 2816 745 2884 testes,
761 2813 840 2872 etin
855 2816 1036 2890 praesentia
1049 2807 1159 2890 Episcopi:

241 2910 289 2970 ita
310 2911 388 2986 quod
405 2906 651 2967 Archidiaconus
665 2925 724 2965 non
740 2907 852 2982 perdat
867 2906 917 2966 ius
932 2927 1034 2981 suum,
1047 2925 1094 2966 nac
1105 2899 1161 2979 qnid·

243 3021 333 3080 quam
349 3004 428 3079 quod
443 3001 513 3060 inde
535 2999 650 3059 habere
672 3000 793 3059 debeat.
810 3002 852 3059 Et
873 3000 900 3058 si
923 3002 1005 3061 tales
1022 2991 1169 3068 fuerintqn

308 3191 341 3242 (1)
359 3184 531 3234 Irista'tiora'ua
548 3208 564 3220 -
581 3184 668 3230 Iudex.

307 3268 342 3319 (a)
359 3261 505 3310 Advocatio
516 3261 658 3308 -Tutela-
668 3261 863 3308 Protectio-Ius
879 3263 1059 3320 praesentandi
1069 3252 1159 3310 ordinat

261 3341 371 3398 aliquem
389 3341 422 3388 ed
437 3339 588 3387 beneficium
604 3349 710 3386 vacans.

308 3417 342 3471 (³)
364 3412 503 3472 Vedium·
513 3416 618 3472 Pignus.

308 3492 342 3543 (4)
362 3487 487 3550 Plaqicta
498 3491 709 3552 -Vadimoninm
728 3494 867 3544 fideiussio.
