2498 4200
37 323 76 364 aa
87 302 274 364 furentium
289 302 449 362 hominum
464 300 674 372 immanitate,
686 318 755 360 cum
770 299 918 370 universa
931 299 1021 378 regia

38 397 171 458 familia
193 396 334 474 elapsam
349 413 429 467 esse,
446 395 568 471 iamque
582 395 614 453 in
630 397 701 454 tuto
715 393 899 453 consistere.
916 394 1023 454 lucre·

37 490 144 552 dibile
171 491 244 563 est,
270 487 434 550 carissime
455 488 487 547 in
509 489 636 550 Christo
656 488 722 548 Fili
744 489 878 560 Noster,
900 504 978 565 quae
1003 504 1022 547 a

40 589 183 662 paterno
199 585 317 644 Nostro
338 583 441 643 animo
461 581 560 642 fuerit
580 599 621 642 er
641 582 726 642 bisce
747 582 927 642 recentibus
943 598 1023 640 nun·

39 679 95 738 tiis
116 679 273 754 percepta
286 675 468 747 consolatio,
482 692 574 751 quam
591 675 679 734 certe
695 674 792 734 nullis
807 673 885 734 satis
898 673 1021 751 assequi

40 772 154 832 verbis
181 789 221 830 ac
246 770 405 847 explicare
433 786 607 845 possumus.
635 769 744 845 Neque
771 769 890 828 Nostra
918 768 1019 828 solum

39 866 120 925 baec
143 863 289 925 maxima
310 863 489 924 iucunditas
503 865 562 935 est,
579 863 631 921 sed
647 863 681 922 et
696 860 862 920 universae
876 859 1021 922 civitatis

40 963 189 1030 nostrae,
207 956 406 1032 omniumque
420 955 564 1016 ordinum
580 973 599 1016 a
613 953 740 1014 summis
756 955 794 1015 ad
810 954 950 1028 infimos,
966 954 1021 1031 qui

40 1053 87 1112 Te
113 1052 268 1126 Tuosque
289 1049 393 1110 salvos
415 1049 666 1125 incolumesque,
688 1050 752 1109 Deo
774 1049 979 1124 protegente,
1001 1062 1020 1105 a

42 1141 252 1221 gravissimis
267 1141 334 1202 illis
346 1141 495 1218 periculis
508 1140 645 1203 evasisse
656 1141 830 1200 laetantur.
844 1140 1022 1199 Personant

41 1239 148 1298 adhuc
171 1235 268 1296 huius
288 1235 372 1295 orbis
392 1234 473 1310 fora,
491 1236 624 1319 viaeque
640 1233 834 1296 exsultantis
849 1232 956 1311 populi
971 1249 1021 1292 ro·

44 1330 133 1391 mani
154 1327 292 1406 publicis
315 1329 457 1402 vocibus,
480 1347 516 1388 ac
538 1329 576 1388 dc
597 1329 665 1388 Tua
686 1329 788 1389 salute
814 1325 1018 1405 gratulantis;

43 1426 136 1486 cuius
157 1423 304 1485 laetitiae
319 1426 428 1498 iestes,
445 1443 482 1485 ne
497 1424 570 1502 quid
586 1425 637 1484 hic
652 1424 781 1486 aNobis
792 1423 1019 1500 exaggeratum

44 1517 204 1596 suspicari
227 1518 343 1594 possis,
365 1516 447 1593 ipsas
475 1517 655 1577 adducimus
683 1516 786 1594 regias
815 1515 1019 1593 principissae

53 1609 275 1672 dilectissimas
297 1609 329 1669 in
351 1611 478 1671 Christo
499 1611 581 1671 filias
600 1612 735 1672 Nostras
749 1609 882 1670 Mariam
893 1608 1020 1671 Adelai-

53 1705 143 1780 dem,
166 1707 202 1764 et
223 1703 398 1765 Victoriam
420 1704 574 1776 Mariam,
596 1702 882 1782 praestantissimas
905 1702 1020 1764 amitas

51 1802 159 1873 Tuas,
185 1816 241 1858 nec
263 1816 323 1858 non
345 1801 379 1857 et
401 1815 472 1857 ven.
495 1797 628 1858 fratrem
648 1798 801 1860 Nostrum
821 1795 1018 1858 cardinalem

50 1890 84 1950 de
99 1889 230 1964 Bernis,
245 1889 401 1967 quicerte
422 1891 454 1949 in
476 1892 535 1950 hoo
555 1890 711 1950 communi
724 1889 897 1950 animorum
912 1889 1018 1949 studio

50 1985 214 2046 continere
236 1982 382 2045 lacrimas
403 1984 530 2044 minime
545 1986 728 2063 potuerunt3
743 1986 795 2045 sed
817 1983 843 2044 si
865 1983 897 2042 in
919 1983 1021 2060 perci-

53 2079 166 2156 pienda
188 2080 225 2136 de
247 2077 292 2136 Te
313 2077 521 2138 consolatione
543 2082 667 2160 ceteros
687 2095 793 2137 omnes
814 2096 833 2138 a
851 2077 948 2139 Nobis
970 2095 1019 2137 su-

57 2171 158 2248 perari
181 2170 326 2243 dicimus,
347 2169 379 2230 id
401 2171 567 2232 verissime
589 2171 663 2244 dici,
685 2171 778 2232 facile
798 2170 871 2230 Tibi
892 2187 1021 2248 persua·

54 2265 151 2338 seris,
174 2263 229 2341 qui
251 2263 312 2322 iam
335 2264 495 2342 praeclare
517 2264 660 2334 noveris,
681 2237 894 2342 quaemagna
914 2268 1019 2325 tecum

51 2375 175 2435 semper
189 2355 288 2417 fuerit
301 2356 417 2416 amoris
429 2356 659 2434 officiorumque
675 2357 813 2417 omnium
827 2356 1017 2428 coniunctio,

50 2457 262 2530 quantamque
283 2451 342 2510 hoc
363 2454 521 2527 postremo
537 2451 757 2510 adversissimo
774 2455 913 2527 tempore
934 2451 1019 2511 dolo-

52 2547 110 2620 ris,
125 2543 358 2624 angustiarum,
377 2562 659 2622 aerumnarumque
681 2546 820 2604 Tuarum
842 2545 965 2622 partem
986 2545 1018 2604 in

52 2642 118 2702 Nos
138 2641 223 2716 ipsos
244 2638 484 2715 susciperemus.

113 2733 206 2796 Nunc
227 2748 305 2796 vero
326 2731 404 2791 baec
424 2730 528 2790 omnia
550 2732 638 2790 tanto
653 2730 798 2792 solantur
810 2731 923 2808 magis,
938 2731 1018 2808 quod

54 2828 112 2886 hoc
132 2825 201 2904 ipso
221 2841 351 2901 egressu
373 2824 440 2883 Tuo
461 2823 688 2901 percipiamus,
711 2822 764 2900 qui
786 2824 872 2884 Tuus
896 2840 1017 2900 semper

53 2920 175 2980 animus
203 2917 302 2978 luerit
329 2935 405 2996 erga
430 2917 628 2996 Religionem
653 2921 747 2995 atque
768 2915 959 2991 Ecclesiam,
982 2933 1017 2976 ac

53 3032 129 3092 erga
149 3011 294 3091 egregios
315 3011 388 3072 illos
410 3029 486 3087 pene
511 3028 617 3072 omnes
638 3011 814 3074 Galliarum
843 3011 1015 3084 antistites,

54 3196 195 3254 Sardum
210 3197 237 3242 et
255 3194 287 3243 da
306 3196 420 3254 l'Italie,
438 3194 503 3242 dans
522 3194 646 3254 l’opinion
666 3195 798 3256 publiqne,
816 3194 875 3254 qu’d
889 3193 965 3244 l’aide
986 3195 1018 3244 de

55 3275 86 3320 li.
102 3272 135 3321 de
151 3269 291 3320 Boumelo
307 3272 355 3318 Boi
376 3271 448 3318 avait
462 3270 566 3320 franchi
580 3270 619 3318 les
636 3270 761 3319 obstaclee
777 3271 809 3319 de
826 3274 972 3330 varennes,
989 3285 1018 3321 se

54 3347 119 3396 lirra
133 3347 317 3406 aur-le-champ
334 3360 385 3394 anx
401 3344 474 3392 elena
490 3344 521 3391 de
536 3345 563 3392 la
576 3344 630 3402 joie
646 3347 672 3392 et
687 3345 718 3393 de
734 3347 762 3394 la
775 3345 913 3404 tendreaea,
930 3348 957 3394 et
971 3344 1014 3394 dl·

54 3423 132 3482 plcha
148 3421 269 3470 aussi-tbi
285 3421 301 3469 a
316 3423 351 3469 Sa
366 3419 473 3480 »laicate
488 3433 525 3469 un
535 3421 620 3470 Nonou
631 3421 832 3472 extraordinaine
846 3436 907 3474 arec
920 3423 945 3472 lc
955 3423 1017 3472 ΒΜ

54 3499 167 3558 o-Jotnt.
179 3495 258 3561 (Not.
270 3495 348 3548 Edit.
362 3510 407 3545 an.
420 3495 503 3560 1800.)
1075 3506 1081 3514 “
