2456 4192
205 299 282 354 snut·
300 265 334 354 et
354 294 531 370 imperant:
555 296 626 356 date
656 294 789 354 addictis
812 294 969 354 Ecclesiae
990 294 1168 354 ministerio

206 391 393 450 documenta
414 387 485 447 fidei
500 433 508 460 ‚
525 387 761 459 continentiae,
784 387 991 460 sobrietatis,
1007 388 1170 456 scientiae,

146 533 153 543 ,
205 500 241 544 ac
262 480 490 553 liberalitatis,
514 487 550 541 ut
571 482 717 558 placeant
736 482 791 553 Ei,
814 481 864 541 cui
886 499 919 540 se
941 483 1169 558 probaverunt3

207 575 348 652 nihilque
370 575 599 651 praescierant,
615 574 676 636 nisi
699 592 808 653 grave,
832 577 1047 648 moderatum,
1063 593 1100 634 ac
1121 593 1174 634 re·

206 668 322 746 ligione
345 667 482 745 plenum.
500 669 607 747 Super*
622 667 726 730 omnia
739 675 843 729 autem
860 668 891 728 iu
907 670 1091 728 cunctorum
1106 669 1174 729 ania

206 760 266 820 mis
287 759 392 838 ignem
421 763 548 820 mutuae
569 761 657 820 illins
678 759 848 820 charitatis
869 760 1056 831 accendite,
1078 778 1171 837 quam

206 857 271 914 tam
287 870 390 929 saepe,
407 858 533 930 tamque
548 853 759 931 singulariter
772 853 918 914 Christus
929 852 1079 914 Dominus
1091 871 1174 913 com-

206 947 380 1020 mendavit,
397 965 535 1025 quaeque
557 966 618 1007 una
640 951 689 1007 est
710 948 964 1008 Christianorum
986 951 1118 1036 tessqra,
1142 955 1176 1008 et

208 1039 365 1102 vinculum
389 1041 602 1116 perfectionis.

266 1135 351 1193 Haec
372 1139 458 1207 snut,
481 1136 677 1196 venerabiles
697 1137 840 1209 Fratres,
857 1136 894 1194 de
912 1135 1024 1212 quibus
1046 1137 1173 1213 potissi-

207 1245 289 1287 mum
315 1229 375 1288 Vos
397 1227 513 1306 alloqui
540 1228 573 1288 in
596 1229 724 1288 Domino
751 1229 970 1307 cupiebamus3
992 1235 1027 1290 et
1050 1248 1130 1307 quae
1157 1249 1175 1290 a

206 1321 304 1381 Vobis
325 1322 546 1383 ardentissimo
562 1324 680 1396 studio,
696 1328 729 1384 et
750 1326 833 1384 omni
856 1326 1058 1386 contentione
1080 1319 1175 1402 expe-

207 1416 326 1490 timus,
350 1420 387 1477 ut
407 1417 535 1494 proprio
557 1418 776 1494 experimento
798 1421 984 1497 probemus,
1009 1437 1102 1498 quam
1125 1420 1176 1478 iu-

143 1563 150 1580 ,
207 1513 340 1572 cundum
362 1513 407 1573 sit
426 1515 619 1580 Nosomues
641 1515 804 1609 unanimes
824 1533 892 1575 esse
906 1516 937 1574 in
953 1515 1093 1574 fideliter
1108 1531 1175 1573 ser-

206 1605 308 1680 vando
331 1606 471 1683 deposito
491 1608 651 1668 custodiae
665 1610 800 1670 Nostrae
822 1607 1014 1668 concredito.
1029 1609 1090 1668 Ast
1103 1625 1175 1685 pec·

207 1698 286 1758 catis
305 1698 435 1760 Nostris
456 1699 720 1776 impedientibus,
737 1700 884 1777 consequi
906 1701 963 1760 illa
981 1701 1087 1760 eadem
1111 1717 1173 1759 uon

207 1809 387 1869 possumus,
408 1793 469 1852 nisi
492 1794 555 1855 cito
577 1795 753 1872 anticipent
774 1797 837 1854 Nos
859 1793 1093 1854 misericordiae
1116 1795 1175 1853 Do·

207 1885 309 1959 mini,
335 1885 388 1962 qui
410 1890 597 1964 praeveniat
619 1888 774 1965 propitius
802 1888 867 1946 suis
889 1885 1171 1948 benedictionibus.

207 1979 423 2056 Quapropter,
441 1983 477 2039 nt
498 1980 675 2058 expeditius
696 1980 836 2041 introeat
856 1980 887 2039 in
910 1984 1077 2057 conspectu
1098 1980 1175 2040 Eius

206 2074 380 2134 communis
401 2074 506 2134 oratio
527 2076 658 2145 Nostra,
673 2080 707 2134 et
728 2075 796 2151 lpse
818 2074 1043 2135 reconcilietur
1061 2073 1173 2145 Nobis,

207 2171 242 2228 et
268 2167 400 2229 adiuvet
426 2166 647 2228 infirmitatem
674 2170 848 2240 Nostram
871 2186 931 2244 qno
952 2172 1095 2245 tempore
1118 2168 1175 2228 has

207 2259 334 2320 litteras
357 2258 452 2319 Vobis
474 2259 654 2332 mittimus,
676 2261 783 2318 eodem
805 2259 884 2320 alias
905 2263 1036 2332 «lamus,
1059 2261 1175 2337 quibus

208 2351 364 2414 universis
384 2351 649 2413 christifidelibus
671 2353 842 2414 lubilacum
863 2353 1080 2425 concedimus,
1102 2371 1177 2431 spe·

207 2449 315 2507 rantes
336 2446 368 2505 in
382 2447 440 2518 Eo,
455 2446 509 2522 qui
530 2451 578 2506 est
592 2447 772 2518 miserator,
788 2451 822 2507 et
835 2445 1024 2520 misericors,
1040 2450 1078 2508 nt
1090 2447 1176 2507 sicut

208 2540 295 2601 dedit
316 2540 404 2601 nobis
425 2539 546 2617 ligandi
575 2557 611 2601 ac
639 2539 784 2600 solvendi
804 2541 993 2616 potestatem
1023 2539 1054 2598 in
1077 2540 1176 2600 terris

207 2635 245 2697 ad
267 2634 516 2696 aedificationem
539 2634 588 2693 sni
608 2633 766 2712 Corpori13
783 2633 828 2694 sic
848 2636 882 2693 et
904 2632 992 2692 vobis
1005 2636 1040 2694 et
1053 2635 1174 2694 vestris

208 2729 356 2808 gregibus
377 2729 413 2788 ad
437 2729 570 2788 salutem
593 2729 636 2789 sit
657 2727 848 2806 largiturus,
871 2731 908 2787 ut
928 2727 967 2786 ab
988 2728 1073 2786 omni
1094 2745 1175 2787 sem·

208 2841 264 2902 per
285 2840 392 2884 errore
413 2821 510 2883 alieni
533 2823 570 2880 de
592 2823 716 2883 virtute
745 2822 778 2880 in
800 2821 956 2881 virtutem
984 2818 1172 2897 proficiatis.

207 2918 291 2985 Quod
313 2916 405 2993 plane
426 2932 466 2974 ex
487 2914 590 2976 animo
616 2916 849 2993 imprecamur,
872 2914 944 2973 dum
969 2913 1173 2991 apostolicam

207 3009 454 3070 benedictionem
476 3008 594 3083 Vobis,
617 3009 801 3086 populisque
823 3025 917 3068 curae
939 3011 1066 3069 vestrae
1088 3024 1174 3068 com-

208 3102 311 3162 missis
331 3101 544 3164 amantissime
566 3101 778 3178 impertimur.

267 3197 381 3255 Datum
403 3197 520 3255 Romae
535 3194 614 3270 apud
631 3197 773 3252 sanctum
788 3194 918 3252 Petrum
935 3191 986 3251 die
999 3193 1101 3252 XXV.
1119 3194 1174 3252 de-

207 3287 342 3351 cembris
354 3287 591 3350 MDOOLXXV.
601 3287 811 3347 Pontificatus
821 3287 929 3347 Nostri
953 3302 1034 3346 anuo
1048 3286 1169 3346 Primo.
