2514 4198
238 337 396 414 politanos
417 337 541 413 quidem
563 339 668 414 potest
692 334 758 396 ullo
787 335 880 394 modo
908 334 1068 407 attinere,
1094 338 1225 413 utpote

238 447 317 507 qnae
338 429 415 489 illue
437 447 578 504 reversa,
601 429 682 488 unde
703 428 902 503 discesserat,
917 429 1007 491 unios
1020 428 1146 489 residet
1158 447 1225 506 pe·

240 540 296 583 nes
316 522 520 600 apostolicam
543 523 673 593 Sedem3
695 521 743 581 ita
764 525 801 582 ut
821 522 913 581 hodie
934 523 1106 582 Romanus
1119 523 1226 582 Pon·

240 616 337 692 titas,
361 630 403 675 ea
423 618 569 674 muneris
589 617 644 674 sai
664 614 780 690 officio,
800 615 951 675 Pastores
971 617 1116 692 singulis
1141 615 1225 677 Ec-

241 712 348 786 clesiis
366 711 550 788 praeficiat,
568 713 605 768 nt
619 708 725 768 verbis
741 713 868 768 utamur
881 707 1009 768 concilii
1024 707 1225 769 Tridentini

241 799 321 860 Sars.
337 799 392 860 24.
408 819 480 877 cap.
496 801 526 861 I.
543 803 583 861 de
594 801 757 876 Reform„
774 803 910 877 adeoque
931 800 1077 878 legitima
1099 819 1225 862 eonse-

241 894 343 955 cratio
366 896 454 956 nulla
468 895 525 956 fiat
539 894 571 954 in
586 895 728 956 Ecclesia
741 895 899 956 catholica
912 894 1073 968 universa,
1091 895 1158 955 nisi
1175 915 1224 956 ex

241 989 430 1065 apostolicae
451 989 541 1050 Sedis
562 989 721 1048 mandato.

303 1081 440 1144 Tantum
461 1100 539 1141 vero
561 1081 662 1154 abest,
677 1085 713 1141 ut
731 1081 861 1142 litterae
881 1083 919 1141 ad
941 1083 1005 1144 Nos
1024 1081 1121 1142 datae
1137 1097 1218 1139 eum

110 1169 120 1180 ’
241 1174 404 1250 adiuvent,
426 1180 463 1236 ut
483 1175 584 1253 magis
605 1193 693 1235 reum
715 1175 868 1246 efficiant,
890 1179 924 1234 et
945 1178 1104 1251 nequeant
1125 1173 1219 1232 schi-

242 1269 404 1330 smaticam
425 1274 532 1332 notum
553 1270 702 1347 effugere.
719 1269 798 1330 Illae
812 1269 907 1337 enim,
924 1287 985 1328 non
1000 1267 1060 1326 nisi
1075 1267 1216 1326 simula-

242 1365 307 1424 tam
332 1365 487 1439 quandam
515 1362 684 1442 imaginem
705 1380 781 1441 prae
802 1381 834 1422 se
856 1363 992 1423 ferentes
1012 1361 1213 1422 communio-

242 1455 292 1516 nis
304 1455 475 1517 Nobiscum
496 1455 659 1527 ineundae,
674 1474 714 1516 ne
736 1456 866 1515 verbum
887 1455 1011 1532 quidem
1032 1453 1161 1515 faciunt
1174 1455 1208 1513 de

241 1547 481 1608 confirmatione
502 1565 559 1625 per
579 1550 645 1611 Nos
666 1548 848 1620 obtinenda,
864 1551 898 1608 et
918 1546 1123 1624 illegitimam
1139 1551 1214 1609 tan-

242 1646 310 1704 tum
330 1643 427 1705 Nobis
448 1643 634 1703 electionem
649 1644 842 1721 significant,
857 1647 895 1704 ut
908 1643 1140 1722 gallicanorum
1157 1645 1214 1702 de-

243 1741 402 1798 cretorum
425 1738 523 1803 verba
543 1736 704 1798 iubebant.
726 1737 808 1798 Hinc
834 1739 898 1800 Nos
919 1739 1118 1796 decessorum
1146 1739 1213 1798 No-

242 1834 381 1892 strorum
392 1831 535 1907 exempla
547 1831 659 1902 secuti,
672 1830 800 1890 minime
810 1830 863 1891 illi
874 1831 1019 1890 duximus
1033 1830 1214 1890 rescriben-

242 1928 337 1998 dum;
360 1926 411 1984 sed
435 1925 518 1985 serio
539 1923 630 1985 illum
652 1925 881 1985 commonefieri
905 1923 1146 1996 mandavimus,
1173 1942 1211 1982 ne

196 2021 199 2028 '
242 2019 378 2080 ulterius
389 2020 538 2097 progredi
553 2020 723 2093 niteretur,
735 2019 992 2097 quemadmodum
1004 2019 1212 2096 sperabamus

240 2113 396 2173 futurum.
421 2111 545 2171 Etenim
568 2111 631 2172 fuit
651 2112 747 2171 etiam
770 2111 828 2171 hac
849 2112 886 2170 de
900 2129 935 2170 re
949 2111 989 2170 ab
1003 2109 1209 2170 Rhedonensi

242 2205 384 2282 episcopo
406 2208 518 2282 sponte
539 2205 691 2276 monitus,
704 2207 776 2264 dum
791 2205 830 2278 is,
846 2223 939 2281 quam
962 2204 1020 2263 sibi
1042 2203 1137 2264 enixe
1150 2203 1211 2262 fla-

242 2297 377 2376 gitabat,
387 2296 622 2358 institutionem
634 2298 965 2373 confirmationemque
976 2297 1117 2373 negarit.
1129 2297 1212 2363 Qua·

243 2392 394 2466 propter,
418 2389 486 2449 loco
508 2389 599 2450 illum
621 2389 807 2467 suscipiendi
837 2393 994 2467 tamquam
1017 2392 1208 2461 Pastorem,

242 2482 335 2542 debet
355 2482 487 2560 populns
507 2499 578 2542 cum
600 2484 734 2543 horrore
756 2486 914 2560 tamqnam
931 2481 1110 2542 invasorem
1134 2481 1210 2542 reii-

243 2591 331 2634 cere:
355 2575 531 2636 invasorem
554 2575 724 2652 inquimus,
739 2575 899 2652 quiquam
915 2575 1087 2635 veritatem
1108 2590 1209 2652 agno·

243 2685 329 2728 scere
349 2669 492 2744 debebat,
514 2669 658 2747 profiteri
686 2668 852 2745 neglexit3
878 2669 932 2745 qui
953 2668 1087 2728 mentito
1118 2666 1209 2727 abuti

243 2761 346 2837 coepit
364 2763 503 2840 pastoris
523 2763 641 2836 officio;
663 2761 717 2839 qui
738 2761 871 2838 denique
885 2780 921 2821 eo
934 2759 1140 2838 arrogantiae
1155 2760 1210 2818 de·

178 2904 181 2910 .
243 2847 343 2929 renit,
366 2857 455 2916 utin
477 2856 538 2916 fine
559 2855 728 2934 pastoralis
748 2853 912 2932 epistolae,
935 2852 1207 2930 quadragesimale

242 2947 446 3010 ecclesiastici
467 2948 626 3026 praecepti
648 2947 808 3007 vinculum
830 2947 939 3008 laxare
962 2964 1022 3004 non
1037 2944 1207 3006 dubitave-

243 3043 300 3114 rit,
320 3042 368 3102 ita
389 3046 424 3101 ut
437 3043 587 3101 imitator
607 3040 730 3100 diaboli
747 3043 863 3118 fcerit,
880 3047 911 3102 et
931 3041 1125 3098 inveritate
1140 3057 1206 3099 coc

241 3137 384 3207 steterit,
400 3138 484 3196 male
498 3142 593 3194 utens
613 3136 715 3210 specie
734 3136 867 3210 pervasi
886 3133 1035 3202 bonoria,
1050 3139 1082 3192 ct
1102 3135 1205 3192 norni-

241 3232 315 3301 nis,·
342 3229 597 3306 quemadmodum
626 3230 663 3288 de
692 3226 790 3288 simili
825 3228 971 3286 invasore
998 3243 1017 3286 a
1046 3227 1078 3286 S.
1101 3229 1205 3288 Leone

242 3323 356 3399 Magno
377 3321 495 3383 dictum
511 3327 562 3382 est
574 3322 733 3382 scribente
747 3323 791 3382 od
805 3321 959 3399 quosdam
973 3319 1122 3396 Aegypta·
1143 3323 1207 3397 epi·

243 3432 358 3492 scopos.
831 3445 833 3451 2

305 3508 455 3570 Videntes
476 3509 582 3585 itaque
603 3510 690 3582 Nos,
712 3525 752 3568 ex
772 3507 943 3585 multiplici
965 3510 1016 3567 tot
1035 3506 1202 3567 eriminum
