2456 4192
50 331 108 389 que
128 314 174 372 Te
194 313 299 386 latet,
318 311 459 374 instante
481 312 712 386 tribulatione,
733 311 869 374 Maiores
891 315 1017 376 nostros

50 408 230 488 quandoque
252 407 416 468 eontraria
439 408 672 468 commendasse
692 406 841 482 consilia,
865 409 939 468 dum
959 405 1019 469 alii

51 504 135 564 ultro
148 519 218 563 sese
240 501 427 562 obieoerunt
439 501 601 579 perieulis,
615 500 673 563 alii
691 502 757 562 sine
771 501 1021 580 praevarisatio-

52 598 98 658 nis
129 601 206 659 nota
227 614 295 658 sese
326 597 366 658 ad
398 597 521 675 tempus
548 597 799 658 subtraxerunt:
825 599 1020 676 quapropter

54 691 198 754 Christus
218 690 369 752 Dominus
389 691 605 752 sommendata
624 689 785 768 apostolis
806 689 871 750 suis
892 693 927 752 et
946 691 1022 752 sim·

57 783 197 861 plieitate
213 784 387 858 oolumbae,
402 785 437 844 et
456 783 613 862 serpentis
634 783 814 861 prudentia,
830 783 948 844 liberos
968 801 1020 844 eos

57 878 157 939 soluit
178 896 199 939 a
223 878 493 958 praecogitatione
507 877 661 940 sermonis
681 895 786 940 eoram
804 878 1022 940 Potestatibus

56 971 200 1032 habendi.
216 974 262 1033 Ea
281 990 359 1034 vero
380 975 430 1034 est
450 972 544 1033 huius
564 972 715 1049 temporis
735 971 830 1046 ratio,
854 989 890 1032 ae
912 974 1021 1032 tantus

57 1065 87 1124 in
107 1065 272 1144 legitimas
289 1053 471 1128 Potestates
485 1065 572 1128 iutra
586 1066 711 1128 Galliae
728 1065 805 1127 tinas
823 1066 959 1144 immetus
973 1065 1022 1126 iu·

57 1161 118 1235 rit,
132 1164 170 1221 ut
192 1161 316 1221 animus
337 1161 436 1222 Nobis
463 1179 524 1221 non
547 1160 695 1222 videatur
716 1177 805 1238 posse
834 1159 929 1221 adiiei
950 1177 1023 1222 eoa·

59 1256 221 1316 donationi
240 1254 465 1334 Episcoporum
491 1255 558 1316 sine
579 1253 693 1314 maiori
722 1254 890 1334 diguitatis
911 1255 1023 1318 Saoer·

61 1349 171 1408 dotalis
192 1348 347 1426 perieulo.
363 1351 449 1410 Haeo
471 1350 511 1408 ad
527 1349 610 1424 Tuas
624 1347 778 1421 Litteras,
794 1349 875 1408 Van.
890 1349 1021 1424 Frater,

62 1441 258 1501 rescribenda
278 1439 443 1514 duximus,
470 1439 558 1500 ouius
580 1439 719 1501 virtutes
739 1443 773 1500 et
793 1457 932 1502 amamus
953 1440 1025 1518 plu·

67 1533 181 1608 rimam,
195 1535 232 1593 et
246 1533 453 1594 vehementer
467 1531 665 1616 suscipimus.
681 1531 867 1593 Pontifleiae
880 1551 956 1594 vero
971 1534 1025 1595 be-

73 1626 256 1689 nevolentiae
277 1627 416 1689 Nostrae
429 1627 542 1705 pignus
563 1628 673 1689 damus
686 1625 901 1704 Apostotioam
922 1629 1025 1688 Bene-

72 1718 249 1795 dietionem,
272 1738 364 1798 quam
386 1720 480 1792 Tibi,
502 1721 661 1798 (tropique
689 1721 756 1780 Tuo
778 1718 890 1780 intimo
918 1720 1024 1782 eordis

68 1813 184 1889 affeetu,
197 1832 236 1875 ae
256 1817 460 1892 peramanter
481 1814 693 1893 impertimur.

117 1909 232 1968 Datum
252 1909 371 1968 Romae
401 1908 483 1986 apud
504 1910 538 1970 S.
560 1909 696 1971 Mariam
723 1907 898 1982 Maiorem,
920 1907 1024 1985 pridie

66 2018 154 2061 nonas
165 1999 305 2062 Sextiles
314 2001 488 2062 MDOOXO.
497 2001 707 2064 Pontidoatus
717 2001 830 2064 Nostri
838 2003 927 2062 Anno
935 2001 1022 2062 XVI.

186 2115 189 2128 ·
311 2091 466 2154 Callistus
480 2092 650 2155 Mareotae
668 2112 690 2155 a
704 2093 780 2155 Lat.
793 2093 903 2172 Epist.
917 2093 1022 2156 ssms.

508 2268 581 2326 IX.

253 2388 416 2433 unissime
430 2389 465 2432 nt
478 2388 609 2434 cantaro
623 2388 839 2434 ultroneam

438 2521 645 2585 LUDOVIOO

245 2676 450 2737 Francorum
463 2677 548 2758 Περὶ
563 2676 844 2740 christianissimo

270 2807 441 2908 Pius
495 2826 690 2905 ΡΑΡΑ
742 2827 812 2906 v1.

150 2982 338 3042 carissime
351 2983 390 3041 in
404 2983 542 3042 Christo
557 2983 629 3042 Fili
640 2985 780 3054 Noster,
791 2956 944 3042 'alutem

242 3078 278 3134 et
297 3077 536 3146 Apostolieam
549 3075 847 3138 Benedtetionem.

122 3206 263 3269 Litterae
284 3207 462 3269 Maiestatis
484 3210 570 3269 Tuae
591 3224 648 3285 per
670 3207 703 3268 S.
720 3209 760 3269 R.
776 3209 813 3269 Ε.
831 3205 1029 3269 cardinalem

71 3297 106 3357 de
124 3297 240 3360 Remis
254 3301 396 3362 redditae
418 3299 461 3382 (*)
477 3301 573 3363 Nobis
589 3303 762 3376 testantur,
779 3320 839 3380 quo
856 3301 911 3376 sis,
927 3298 1030 3362 (taris-

130 3427 161 3486 ι’)
178 3428 411 3480 cudafiamasimus
426 3432 480 3478 Rex
494 3431 572 3480 hasoe
588 3430 701 3482 Litteras
711 3429 781 3480 dedit
792 3430 833 3480 dia
842 3432 873 3479 28
883 3429 944 3478 Iudi
958 3429 1029 3479 1⁷90.

75 3498 150 3560 (Not.
162 3503 240 3554 Edit.
252 3517 297 3554 aa.
311 3503 401 3565 1800.)
