2374 4196
262 331 388 389 snmus,
411 317 448 376 ut
468 316 542 376 ante
564 315 669 376 omnia
689 321 832 378 mutuam
846 318 933 378 inter
952 334 1006 378 roa
1030 313 1167 376 charilatcn

261 407 417 472 babeatis.
437 409 647 486 Praescripsit
674 428 747 471 sane
777 410 864 471 vobis
893 413 1054 488 praecepta
1076 409 1169 467 maxine

261 501 358 564 utilia
371 503 409 561 de
422 501 565 562 fraterna
577 503 734 564 charitate
755 503 896 564 vicissim
924 503 1093 576 exercenda,
1104 501 1172 560 felicis

260 600 490 662 recordationis
516 601 660 662 Olemeus
684 604 770 679 Papa
798 603 937 662 Octavus
965 602 1026 662 suis
1045 599 1140 660 litteris
1153 600 1173 656 ir

261 692 364 754 forma
382 693 495 754 Brevis
510 695 548 754 ad
564 694 715 755 dilectum
735 695 837 755 filium
853 695 1037 772 magistrum
1049 691 1175 768 Georgium

261 786 582 865 Archiprcebyternm
598 788 699 866 Regni
711 788 846 866 Angliae
860 789 945 848 datis
958 787 1008 848 die
1019 787 1176 864 quintanam

261 879 304 944 sis
318 882 462 944 Octobris
477 882 566 943 1603.
583 885 629 942 Ea
650 882 751 960 igitur
772 883 945 960 diligenter
966 879 1143 959 exequimini‚
1156 881 1177 936 ct

263 992 303 1038 ue
324 974 392 1034 ulla
412 973 596 1036 difficultate
609 980 666 1035 aut
685 975 897 1053 ambiguitate
911 973 1111 1044 remoremini,
1120 987 1177 1047 prae·

262 1067 394 1146 cipimus
408 1067 509 1141 vobis,
527 1071 562 1127 ut
575 1068 704 1128 illarum
719 1068 903 1128 litterarum
919 1069 1017 1128 verba
1036 1063 1177 1128 adamussim

263 1160 416 1234 servetis,
439 1163 472 1221 et
493 1161 682 1238 simpliciter
709 1166 804 1239 prout
831 1167 945 1222 sonant
965 1167 999 1221 et
1019 1160 1112 1220 iacent
1126 1155 1177 1216 aui·

262 1251 357 1332 piatis
376 1257 409 1313 et
423 1253 626 1331 intelligatis,
641 1254 767 1315 sublata
787 1254 872 1313 omni
893 1254 1045 1315 facultate
1065 1249 1175 1312 aliteric

261 1346 469 1424 terpreeandi.
483 1346 616 1406 Interim
630 1347 694 1408 Nos
717 1365 883 1425 numquam
904 1348 1099 1418 cessabimus,
1116 1347 1174 1404 Deru

261 1440 391 1502 Patrem
413 1438 699 1499 misericordiarum
719 1439 855 1516 precari,
871 1442 908 1499 ut
929 1440 1105 1501 afflictiones
1120 1435 1177 1495 elle

261 1531 353 1602 bores
367 1533 492 1590 vestros
506 1530 678 1590 clementer
698 1531 849 1608 respiciat
866 1549 902 1591 ac
916 1550 973 1592 vos
986 1533 1123 1591 continua
1133 1545 1177 1605 pro·

262 1623 400 1686 tectione
420 1623 578 1684 custodiat
598 1625 692 1701 atque
714 1624 872 1698 defendat,
886 1643 963 1702 quos
983 1621 1176 1704 apostolicam·

262 1716 440 1780 mediatione
460 1718 577 1778 Nostra
597 1717 769 1778 clementer
790 1718 1005 1795 impartimur.

321 1813 435 1872 Datum
464 1813 580 1872 Romae
608 1812 688 1888 apud
711 1813 859 1872 Sanctum
875 1814 1016 1874 Marcum
1033 1812 1085 1872 sub
1102 1805 1178 1872 annulo

261 1903 435 1966 Piscatorie
448 1905 479 1964 X
492 1904 620 1966 kalend.
633 1905 777 1966 Octobris
793 1907 933 1980 MDOVI,
943 1901 1177 1967 Pontificatuelio

263 1999 324 2062 atri
345 2017 426 2060 anno
446 2001 487 2059 II.

729 2177 762 2232 Ι.

381 2277 577 2338 ALTERAE
597 2277 808 2338 LITTERAE
822 2278 1099 2341 APOSTOLIOAE
1177 2279 1178 2315 ¹

693 2449 734 2485 ΕΔ.
750 2449 797 2485 Β.

456 2582 615 2663 PAULI
642 2582 694 2659 V.
714 2579 867 2661 PONT.
891 2582 1023 2660 Max.
1175 2685 1176 2730 Ν

420 2783 463 2826 an
475 2782 659 2827 caraonruos
671 2781 810 2826 suenrus
824 2783 865 2826 nr
880 2783 1066 2828 araneum.
1175 2759 1176 2787 ¹

321 2930 550 2992 Renunciatum
564 2934 615 2991 est
626 2929 724 2992 Nobis
738 2929 872 3007 reperiri
888 2930 1051 2991 nonnullos
1070 2924 1134 3004 apud
1145 2891 1175 3023 ri

259 3022 396 3101 quicum
411 3023 489 3084 satis
504 3022 770 3085 declaraverimus
785 3041 841 3100 per
853 3022 981 3084 litteras
993 3024 1118 3085 Nostrae
1128 3028 1174 3082 auli

260 3115 425 3194 superiore
439 3117 557 3176 decimo
578 3116 863 3177 kalend.Octobris
878 3115 910 3176 in
924 3117 1026 3177 forma
1044 3112 1139 3176 Breuis

262 3215 312 3274 tas
333 3228 388 3271 vos
410 3213 481 3272 tuta
502 3209 692 3270 conscientia
712 3211 873 3286 praestare
889 3228 948 3270 non
962 3228 1051 3288 posse
1064 3209 1157 3266 iurene

262 3306 329 3365 tum
351 3304 430 3380 quod
446 3321 465 3363 a
479 3303 569 3363 vobis
585 3307 660 3363 tunc
674 3303 873 3380 exigebatur3
887 3306 922 3362 et
933 3307 1091 3381 praeterea
1102 3297 1147 3360 stri

261 3395 524 3474 praeceperimus,
546 3414 584 3455 ne
605 3396 671 3455 ullo
693 3396 781 3454 modo
802 3395 882 3455 illud
903 3395 1139 3472 praestaretis:n

262 3487 366 3550 dicere
387 3491 503 3550 audent
523 3487 698 3549 huiusmodi
712 3489 839 3553 litteras
857 3489 894 3548 de
912 3489 1112 3566 prohibitione
1123 3484 1145 3542 iu
