2386 4194
233 333 334 376 nonne
348 315 430 376 idem
445 317 483 376 ob
497 317 619 378 easdem
634 317 773 379 rationes
788 317 987 378 sentiendum
1006 316 1068 379 erit
1081 319 1114 378 de
1127 320 1172 378 Pa·

233 410 412 470 roohiarum
428 410 708 488 suppressionibus,
720 415 756 472 nt
769 413 830 472 Vos
845 412 907 490 ipsi
921 412 953 471 in
966 414 1081 474 Vestra
1090 414 1172 488 Expo-

232 505 346 566 sitione
360 505 422 567 iam
438 506 729 568 animadvertistis?
747 507 807 568 Sed
823 507 926 568 lasere
942 525 1004 568 non
1019 523 1171 585 possumus,

231 599 306 678 quin
327 599 379 659 hio
399 599 616 677 adiungamus,
634 602 727 678 quod,
749 605 878 679 praeter
897 600 1094 662 commissum
1113 601 1172 660 Pro·

233 692 422 754 vineislibus
450 693 662 754 conventibus
689 711 801 754 munus
829 693 1064 767 distribuendi,
1096 695 1172 769 prout

231 786 310 864 ipsis
328 780 431 847 visum
452 785 563 859 fuerit,
585 804 656 846 suos
677 787 836 848 Paroeeiir
858 786 948 860 fines,
971 787 1004 848 iu
1025 789 1172 850 maximin

231 883 296 944 Nos
310 880 405 940 etiam
419 879 552 940 adduxit
565 879 805 941 admirationem
827 881 1068 942 innumerabilis
1083 901 1170 943 aarum

232 972 420 1051 suppressio,
442 989 512 1031 oum
527 971 590 1032 iam
604 973 784 1034 Nationalis
804 975 984 1035 decreverit
1001 976 1170 1046 Conventus,

233 1069 325 1129 utin
351 1064 498 1142 urbibus,
525 1071 581 1128 aut
607 1068 747 1146 oppidis,
774 1068 805 1127 in
831 1069 943 1146 quibus
972 1087 1029 1130 sex
1056 1070 1170 1147 eapituu

231 1161 333 1224 millia
350 1161 566 1222 tantummodo
580 1163 778 1232 oenseantur,
795 1179 854 1222 non
871 1162 931 1223 nisi
947 1181 1010 1225 una
1023 1163 1170 1224 constitue·

232 1260 323 1318 retur
343 1254 506 1317 Paroeoia.
530 1257 573 1315 Et
593 1273 653 1332 quo
674 1272 819 1333 umquam
835 1256 924 1316 modo
940 1275 1021 1317 unns
1034 1257 1168 1318 Psroobus

231 1348 370 1410 suffieers
392 1351 482 1410 tanto
503 1349 640 1409 curando
660 1351 775 1428 populo
795 1351 933 1427 poterit?
954 1351 1052 1418 Quam
1071 1354 1164 1412 adron

232 1445 438 1520 opportunum
453 1441 504 1501 hie
519 1441 646 1504 videtur
656 1443 788 1516 referre,
801 1444 1000 1507 Oardinalem
1017 1445 1162 1506 Oonradm

232 1536 426 1614 adrogorio
447 1536 512 1610 IX,
534 1537 571 1596 ad
594 1535 834 1612 praesidendum
862 1538 1040 1600 Coloniensi
1067 1536 1165 1617 Synodo

232 1629 434 1706 delegatum,
461 1629 545 1690 bisoe
569 1629 676 1690 verbis
699 1630 913 1708 interrogasse
942 1634 1111 1710 quendam,
1132 1625 1167 1706 qui

232 1723 342 1784 aderat
355 1724 542 1796 Paroehum,
557 1724 670 1801 quique
692 1725 897 1786 vehementer
919 1727 1130 1797 contendebat,
1142 1739 1166 1780 ns

231 1818 309 1878 illue
336 1818 468 1878 Fratres
495 1817 623 1877 Ordinis
653 1818 911 1878 Praedicatorum
943 1819 1166 1879 inducerentur:

205 1913 339 1984 ,sQuis
360 1915 409 1973 est
430 1929 579 1972 uumerus
598 1912 758 1972 hominnm
780 1912 814 1972 in
836 1913 989 1974 Paroeois
1000 1913 1072 1974 Tibi
1086 1907 1183 1998 subdi-p

232 2022 251 2066 u
265 2005 392 2067 tornmt
406 2009 483 2068 Oum
497 2004 553 2064 ille
568 2023 633 2065 esse
647 2022 759 2066 novem
772 2005 873 2066 millia
888 2006 1109 2082 respondisset,
1120 2008 1166 2064 tun
1182 2004 1183 2073 l

231 2098 439 2160 »cardinalis
467 2099 675 2160 admiratione
699 2100 809 2177 iraque
830 2103 1020 2161 commotus:
1044 2102 1115 2169 Quis
1136 2115 1166 2166 ss,

230 2192 378 2269 »inquit
395 2195 443 2253 Tu
464 2192 650 2269 miserrime,
665 2193 719 2272 qui
741 2195 790 2254 tot
812 2194 952 2255 millibus
974 2195 1086 2256 sufficis
1106 2189 1166 2252 deti·

231 2289 330 2348 >tam
352 2287 586 2364 gubernationis
606 2305 714 2348 euram
735 2288 934 2365 impenderet
955 2288 1075 2363 Nesois,
1090 2283 1164 2347 honi·

232 2397 339 2441 »num
359 2379 589 2457 perditissime,
610 2381 685 2458 quia
704 2380 735 2442 iu
758 2381 815 2440 illo
844 2381 936 2441 debes
961 2384 1116 2442 tremendo
1133 2377 1165 2437 iu·

232 2472 358 2546 rdiam,
373 2475 446 2533 ante
465 2473 604 2534 tribunal
620 2473 752 2548 Christi,
775 2475 812 2534 de
833 2474 883 2535 his
906 2475 1048 2534 omnibus
1068 2489 1166 2549 respon·

232 2566 358 2628 »deret
378 2569 419 2627 Et
439 2569 500 2641 Tu,
522 2567 550 2626 si
570 2568 650 2628 tales
670 2567 765 2627 babes
780 2567 923 2628 Vioarios
939 2565 1084 2646 (Fratres
1093 2568 1181 2626 Prae:

232 2658 433 2744 ›dieatores)
445 2659 633 2737 querularis,
649 2660 702 2737 qui
717 2678 794 2721 onus
808 2663 898 2721 tuum
914 2660 1018 2738 gratis
1031 2658 1164 2726 relevent,
1180 2621 1181 2711 l

232 2754 321 2815 »sub
343 2754 432 2814 nnius
451 2755 584 2832 pondere
606 2753 727 2814 nesoius
744 2753 983 2831 conquassarisi
996 2753 1077 2822 Quia
1088 2750 1165 2829 igitur

231 2860 304 2906 »ex
324 2847 383 2908 hao
409 2847 537 2923 querela
563 2845 725 2923 indignum
748 2848 792 2905 Te
813 2864 890 2906 oura
916 2845 1088 2906 omnimode
1107 2840 1180 2914 iudi,

231 2939 362 3013 orasti,
384 2939 454 3000 ideo
473 2938 565 3016 privo
587 2941 631 2998 Te
652 2938 736 2998 omui
758 2939 906 3000 beneficio
927 2940 1108 3017 pastorali»
1125 2933 1163 3014 (1)·

229 3037 272 3096 Eli
292 3034 434 3112 quamvis
456 3032 524 3092 illio
545 3034 582 3092 de
603 3048 716 3092 novem
735 3032 897 3092 hominum
920 3031 1061 3093 millibus
1078 3029 1164 3108 ageba·

231 3132 307 3203 tur,
335 3128 387 3189 hin
415 3146 515 3202 vero,
542 3126 690 3188 nimirum
710 3145 730 3187 a
750 3129 928 3189 conventus
954 3130 1104 3198 Deoreto,
1129 3135 1179 3196 sex,

230 3226 355 3284 tantum
376 3222 479 3282 millia
500 3220 591 3282 unius
612 3221 745 3281 Paroohi
766 3239 859 3282 rurae
878 3221 1076 3294 tribuantur,
1091 3213 1165 3275 nihilo

230 3318 334 3377 tamen
350 3315 452 3377 minus
465 3313 535 3392 quis
549 3333 609 3374 non
628 3314 768 3400 fateatur
789 3315 885 3376 talem
909 3314 1004 3374 etiam
1030 3320 1163 3374 numerum

293 3447 327 3501 (1)
344 3445 475 3493 Abrabam
490 3443 830 3494 Buov.Auual.1loolss.ad
847 3457 908 3494 aun.
922 3445 992 3501 1222,
1005 3442 1028 3506 §.
1038 3445 1061 3514 6,
1072 3440 1124 3488 edit.
1134 3434 1164 3482 Cu

229 3520 365 3578 annom
