2364 4198
235 295 359 355 tinetur
379 296 531 356 dioecesis
550 296 701 371 einsdsm;
723 297 772 358 itu
793 301 830 357 ut
850 293 930 356 hunc
951 291 1101 371 ipsemet
1117 307 1172 348 cen-

236 405 302 449 sum
324 389 386 451 dici
409 406 606 467 nequaquam
635 394 757 469 posset,
783 403 855 451 eum
876 408 895 451 s
916 386 1100 449 Tridentins
1123 399 1174 442 sun·

235 483 339 543 ctione
361 482 559 558 discessisse,
581 489 691 562 utpote
719 502 799 562 quse
826 481 1085 560 metropolitanos
1107 476 1173 536 iubet

236 579 269 637 in
288 574 419 636 ecclesis
433 575 706 656 archiepiscopali,
721 581 773 638 uel
788 580 827 637 in
840 577 977 638 dioecesi
991 573 1036 654 (1)
1050 571 1171 633 residere.

236 671 383 732 courum
403 669 520 742 Nobis,
542 671 580 730 ed
601 689 679 748 quos
699 673 823 750 spectat
843 669 928 730 hisce
949 671 986 729 de
1012 667 1100 728 rebus
1116 661 1173 723 iudi·

236 763 338 836 cium,
359 766 447 822 certo
467 765 610 837 constet,
632 763 714 824 nihil
736 763 899 824 ardentius
919 767 1031 840 optare
1044 754 1173 832 Archiepi

238 871 374 934 scopum,
397 862 488 933 qo'um
510 856 593 918 istuc
614 858 752 936 regredi,
775 861 810 918 et
831 861 869 919 sd
891 873 947 920 vos
970 858 1033 916 iam
1057 867 1172 914 reversu-

237 970 309 1012 rom
330 951 442 1024 inisse,
465 950 647 1028 posthabito
669 951 767 1012 etiem
793 970 866 1011 sues
895 950 981 1011 vitae
1011 945 1170 1016 discrimine,

238 1046 301 1106 nisi
320 1048 489 1118 metueret,
510 1063 548 1105 ne
569 1045 618 1105 sni
639 1046 828 1106 sacrificium
849 1045 976 1122 capitis,
994 1043 1097 1122 potins
1109 1055 1170 1117 quun

238 1139 378 1201 utilitati
399 1139 508 1199 ovibus
529 1139 607 1213 suis,
629 1144 714 1201 esset
734 1139 960 1200 infelicissimis
981 1139 1069 1198 hisce
1088 1140 1170 1210 tempo

237 1235 325 1296 ribus
340 1236 461 1308 damno,
478 1251 514 1294 uc
528 1234 734 1295 detrimento.

299 1329 382 1394 Quae
396 1327 494 1401 clero,
516 1329 549 1386 et
569 1327 683 1404 populo
700 1326 912 1388 Aveuionensi
931 1325 1072 1386 diximus
1086 1326 1118 1383 de
1127 1322 1164 1380 ou

239 1421 362 1480 dientis
380 1420 636 1498 Archiepiscopo‚
655 1426 687 1482 et
708 1421 887 1499 pastoribus
912 1420 1040 1492 debita,
1061 1437 1097 1480 es
1115 1412 1161 1474 vos

238 1531 360 1591 quoqne
381 1514 532 1587 dicimus,
555 1515 664 1577 dilecti
693 1516 782 1590 dlii,
795 1515 961 1590 canonici,
980 1505 1162 1576 ecclesiastic'u

239 1624 275 1666 ae
296 1607 402 1685 populi
424 1608 558 1692 alierum
580 1609 784 1671 eeclesiarum
806 1608 998 1670 Comitatus.
1016 1610 1121 1670 Arcete
1136 1617 1167 1660 tt

240 1700 279 1759 eb
300 1699 353 1774 iis,
368 1699 468 1776 quiin
483 1700 601 1762 alienus
614 1701 761 1763 ecelesias
776 1702 967 1775 invaserint,
983 1707 1043 1763 eut
1057 1698 1168 1760 invaded

240 1792 340 1853 adhuc
364 1792 576 1869 molirentur,
599 1795 674 1855 illos
694 1795 858 1869 devitate,
882 1795 953 1856 illos
976 1813 1052 1854 cnm
1074 1796 1174 1853 horno

240 1885 430 1963 conspicite:
450 1891 575 1948 vestros
595 1892 701 1948 autem
723 1888 885 1966 legitimos
906 1886 1079 1965 episcopos,
1097 1887 1124 1944 et
1137 1897 1168 1956 pt·

241 1979 356 2038 rochos
369 1978 506 2056 diligite,
522 1999 573 2040 eos
587 1981 683 2041 colite
697 1981 860 2059 obsequio,
875 1981 949 2042 illos
963 1981 1084 2041 audite.

300 2073 414 2133 Omnes
428 2078 534 2135 sutem
547 2074 793 2148 Avenioneuses,
809 2077 843 2134 et
861 2075 1089 2136 comitatenses
1107 2061 1167 2129 sind

242 2184 304 2227 une
321 2166 495 2226 animorum
516 2170 550 2226 et
570 2169 770 2228 voluntatum
794 2168 1009 2242 consensione,
1027 2167 1077 2227 ubi
1096 2166 1126 2223 de
1140 2175 1173 2240 u,

236 2259 298 2320 ,bus
319 2258 480 2336 religiosis
494 2259 613 2338 egitur,
630 2261 736 2320 oeulos
757 2278 880 2338 semper
901 2257 1128 2322 convertiteed
1116 2252 1165 2313 dlt

241 2368 296 2429 ges
316 2351 453 2425 divinus,
468 2355 506 2413 ud
522 2353 751 2415 ecclesiasticas
773 2353 870 2431 leges,
894 2360 928 2415 et
949 2354 987 2415 ed
1012 2355 1095 2431 leges
1108 2347 1160 2408 hus

242 2445 431 2524 spostolicae
452 2446 553 2506 Sedis.
575 2447 716 2509 Ecclesia
740 2447 838 2520 enim,
861 2451 896 2509 et
916 2446 1089 2525 apostolice
1107 2439 1163 2502 Sele

242 2539 366 2618 Spiritu
386 2539 443 2600 Dei
467 2539 586 2617 sgituc.
611 2541 646 2600 Id
675 2540 701 2600 si
722 2539 942 2617 praestabitis,
965 2539 1068 2600 veluti
1089 2523 1172 2615 pieni

242 2633 300 2694 Dei
321 2631 429 2692 confisi
449 2630 591 2707 equidem
606 2648 768 2708 speremus
780 2631 1004 2705 futurumne
1018 2631 1101 2694 Dei
1093 2647 1119 2689 nn
1134 2619 1167 2682 mi·

243 2725 444 2786 sericos-diam
458 2727 673 2799 convertetur,
690 2725 819 2802 dcqne'
811 2723 850 2784 ris
872 2725 1069 2801 triumphum
1087 2736 1155 2864 sged
1133 2714 1165 2782 iit

242 2819 296 2897 qui
328 2818 478 2880 adversos
498 2817 684 2896 religionem
714 2818 932 2896 proeliantur,
962 2819 1076 2896 quique
1097 2808 1171 2892 endi,

242 2911 330 2971 vobis
351 2911 495 2972 confiteri
522 2915 695 2990 cogentur,
717 2929 796 2988 quse
817 2913 1003 2973 Indaeorum
1025 2909 1131 2971 inimin
1124 2893 1171 2956 it

242 3005 480 3067 Mochotueis'
472 3023 534 3067 nam
556 3002 791 3083 praedicebant,
815 3006 943 3066 ludaeos
964 3000 1165 3064 sennonteus

240 3107 450 3175 protectorem
470 3099 602 3172 habere,
618 3105 651 3158 et
673 3098 743 3157 ob
729 3114 836 3174 speum
850 3099 1102 3160 invulnerabiles
1118 3099 1169 3164 eut

245 3209 279 3252 eo
294 3193 381 3271 quod
393 3199 604 3270 sequerentur
621 3194 705 3269 teges
720 3192 759 3251 od
773 3207 808 3252 eo
822 3193 1017 3252 constitutus
1033 3189 1086 3269 (2).

304 3285 332 3345 A
357 3282 511 3361 regimine
539 3282 752 3344 ecclesiastico
777 3284 814 3342 ad
838 3285 934 3344 eicite
962 3282 1097 3360 regimen
1116 3279 1170 3336 nod

306 3416 341 3469 (1)
359 3414 408 3462 cit.
420 3413 487 3490 Sese.
498 3415 539 3461 ss.
552 3426 607 3471 esp.
618 3415 639 3470 1,
651 3410 682 3460 de
697 3411 745 3459 rei.
816 3474 819 3483 Ι

309 3491 343 3546 (2)
360 3489 477 3537 mohab.
490 3489 533 3536 ult.
544 3489 589 3537 lib.
601 3491 636 3535 11.
649 3501 705 3548 cop.
717 3489 788 3537 VIII.
800 3501 827 3536 v.
838 3487 878 3536 os.
