2456 4192
642 181 802 242 ..54-

644 317 797 379 xvm.

467 441 605 485 nmscms
625 442 660 484 m
680 441 810 486 orsmaro
831 439 975 485 suranus

359 575 502 637 ANNAE
525 569 809 642 MchALuNAE
830 575 1085 637 OHALMETTE
1214 617 1215 638 ι

400 669 560 730 MARIAE
582 669 797 732 XAVERIAE
818 672 870 732 DE
891 671 1044 732 TILLET
1214 696 1215 716 ι

322 759 554 825 THERESIAE
573 763 821 825 IOSEPHfflAE
843 765 895 824 DE
915 763 1117 826 NOLLENT

370 892 553 970 Praefectis
574 891 844 974 congregationis
870 895 1080 956 Visitctioais

541 987 582 1047 B.
598 988 728 1049 Mariae
753 988 901 1068 Virginis

427 1138 625 1220 PIUS
678 1140 899 1218 PAPA
953 1139 1021 1218 VI.

382 1334 540 1394 Dilectae
560 1334 598 1393 in
620 1335 757 1393 christo
777 1334 1074 1406 Filiae‚ss1utem

424 1433 460 1488 et
480 1429 709 1528 apostolicam
729 1427 1023 1489 benedictionem.

302 1605 531 1682 incompertum
553 1602 650 1667 Nobis
671 1621 730 1664 non
752 1603 845 1676 erat,
868 1600 1003 1664 dilectae
1024 1601 1058 1661 in
1080 1601 1208 1662 Christo

241 1695 365 1770 Filiae,
387 1698 585 1774 praeclarum
607 1695 770 1776 religionis
791 1695 954 1770 studium,
977 1712 1038 1773 quo
1060 1711 1116 1754 voe
1137 1711 1207 1754 cum

242 1789 379 1852 alumnis
399 1791 516 1852 vestris
529 1790 736 1869 praecellitis3
752 1790 804 1849 sed
819 1787 949 1850 litterae
964 1786 1091 1847 nomine
1110 1786 1207 1847 totius

242 1884 504 1962 Gongregationis
522 1884 573 1944 die
591 1883 693 1962 prima
705 1882 893 1946 Novembris
914 1883 953 1942 ad
973 1882 1038 1944 Nos
1060 1881 1207 1958 scriptae,

242 1978 392 2038 maiorem
413 1977 444 2037 id
467 1977 654 2038 confirmant
675 1977 707 2036 in
729 1978 866 2036 modum.
890 1978 1006 2038 Earum
1035 1975 1134 2036 lectio
1163 1975 1209 2035 its

242 2075 386 2132 nostrum
402 2070 510 2148 rapuit
529 2069 681 2144 animum,
704 2075 741 2131 ut
761 2069 851 2130 nulla
870 2069 914 2132 eit
935 2070 1017 2144 laus,
1033 2087 1126 2147 quam
1144 2070 1209 2129 rir-

243 2166 308 2227 tuti
330 2168 456 2226 vestrae
477 2165 608 2226 dandam
631 2182 690 2223 non
712 2163 917 2224 arbitremur.
942 2166 976 2225 In
999 2165 1100 2226 tentis
1125 2163 1208 2224 euim

243 2258 434 2335 reipublicae
449 2257 752 2337 perturbationibus,
775 2276 794 2320 a
815 2258 927 2336 quibus
948 2273 998 2318 res
1021 2257 1111 2320 nulla
1131 2258 1209 2318 reli-

244 2351 343 2431 gioni,
367 2352 418 2412 vel
440 2352 553 2429 pietati
575 2369 663 2412 sacra
685 2354 756 2412 tuta
777 2351 906 2412 videtur
927 2369 963 2412 ao
986 2369 1108 2426 secura,
1129 2371 1209 2412 nun-

245 2448 326 2508 cium
339 2447 599 2509 iucundissimum
621 2467 639 2510 a
660 2448 749 2508 vobis
771 2447 858 2508 ultro
873 2448 1048 2525 accepimus
1070 2450 1110 2509 de
1129 2449 1215 2510 forti.

244 2541 362 2616 auimo,
384 2559 443 2619 quo
465 2544 573 2602 vestro
595 2542 766 2604 adhaerere
788 2541 942 2602 instituto
963 2541 1142 2615 statuistis,
1160 2543 1208 2604 cui

245 2654 281 2698 eo
302 2635 473 2714 impensius
498 2634 667 2698 adiuvante
688 2634 820 2704 Domino
839 2647 897 2696 'vos
918 2635 1060 2697 addictos
1083 2655 1153 2697 esse
1176 2654 1208 2697 ac

243 2731 311 2792 iore
324 2729 546 2808 intelligimus,
561 2747 623 2808 quo
635 2738 743 2788 rerum
757 2730 945 2790 caducarum
961 2729 1132 2808 praesidiis
1146 2749 1209 2791 ma·

245 2825 295 2905 gis
315 2823 516 2898 destitutum,
532 2827 626 2900 atque
640 2821 766 2882 omnino
785 2821 947 2900 privatum
969 2823 1206 2900 pertimescitis.

224 2941 227 2947 ’
243 2918 360 2980 Divina
374 2916 480 2978 virtus
498 2918 641 2977 sanctum
662 2915 694 2974 in
717 2933 772 2976 ros
792 2915 921 2976 roboret
941 2915 1148 2994 propositum,
1165 2919 1210 2978 at·

243 3030 302 3090 qne
329 3013 446 3089 augeat
465 3010 498 3072 iu
521 3009 609 3082 dios,
631 3009 711 3086 qued
735 3008 895 3070 Ecclesiae
924 3009 1090 3070 annelibus
1120 3027 1210 3070 orna·

201 3158 205 3163 .
244 3110 403 3178 mentum,
425 3106 551 3166 restrae
572 3101 811 3180 congregationi
832 3101 1132 3163 commendationem
1154 3105 1209 3164 ad·

245 3197 305 3273 dit,
324 3202 418 3276 atque
432 3196 630 3275 Apostolicoe
645 3195 735 3256 Sedis
756 3195 788 3256 in
810 3213 867 3256 ros
887 3195 1128 3258 cumulatiorem
1142 3196 1211 3258 red·

245 3291 294 3352 tiit
307 3291 569 3353 benevolentiam.
586 3291 679 3368 Spem
693 3292 841 3353 Nostram
855 3293 894 3352 ad
907 3293 1005 3352 Deum
1021 3295 1055 3351 et
1075 3292 1210 3368 privatis

245 3388 278 3445 et
298 3384 432 3461 publicis
459 3383 606 3463 precibus
630 3401 666 3445 eo
693 3383 857 3446 ardentius
885 3381 1123 3458 convertimus,
1153 3401 1209 3460 quo

245 3477 422 3541 infirmiore
443 3479 579 3539 humana
592 3480 805 3554 agnoscuntur
819 3475 952 3536 consilia
965 3477 1002 3536 ad
1019 3493 1210 3554 compescen·
