2456 4192
42 317 149 378 destitui
162 315 275 376 solatio
288 313 506 376 misericordia
519 331 577 374 sua
590 333 651 374 nou
665 314 755 390 sinit3
774 315 980 380 lenimentum

40 429 129 488 nempe
140 410 282 470 dolorum
297 407 466 471 acerbitati
479 407 572 470 affert
582 408 717 471 mirifica
728 413 778 471 tot
788 410 930 472 uirorum
945 431 980 476 ac

38 505 183 564 mulierum
197 505 237 564 de
252 503 467 564 ecclesiastico
481 503 669 582 praesertim
683 506 776 566 coetu
790 507 978 584 constantia,

37 611 64 663 ut
79 604 106 662 in
126 601 223 664 officio
253 601 445 681 persistant,
467 599 642 662 catholicae
663 601 736 662 fidei
760 601 980 682 integritatem

38 696 198 774 diligenter
212 695 319 774 palam
333 693 557 772 profiteantur,
569 696 667 772 atque
682 699 863 758 unctorum
884 699 982 760 eccle·

39 791 128 850 siarum
153 789 228 850 iura
249 788 443 848 intemerata
463 787 623 860 studeant,
646 789 798 864 quantum
819 788 907 865 licet,
930 809 983 852 cu·

41 884 146 956 stodire;
159 899 296 960 qnorum
311 897 440 940 numero
454 879 569 953 locum,
584 880 618 939 et
631 880 755 958 quidem
770 883 980 961 conspicuum,

38 980 147 1037 dandum
168 977 370 1038 arbitramur
384 973 455 1048 tibi,
471 973 588 1034 dilecta
608 973 641 1032 iu
663 973 790 1036 Christo
804 977 900 1053 Filia,
915 978 984 1042 elu-
1044 983 1051 1000 ⁸

38 1071 155 1147 unisque
181 1070 261 1144 tuis,
284 1086 363 1146 quae
383 1067 416 1128 in
439 1065 560 1128 deliciis
580 1067 699 1129 habent
719 1073 856 1146 sanctas,
872 1071 983 1149 quibus

35 1168 242 1238 assueverunt,
268 1161 468 1240 disciplinae,
492 1178 675 1238 omnemque
696 1181 715 1224 a
735 1179 767 1222 se
788 1163 882 1243 longe
906 1165 984 1227 abii-

34 1255 103 1317 ciunt
121 1257 350 1337 cogitationem
370 1272 423 1354 eas
444 1253 617 1315 deserendi.

82 1353 139 1412 Nos
159 1354 370 1413 vehementer
395 1349 561 1427 probamus
589 1349 755 1411 consilium
777 1370 796 1412 a
816 1355 867 1426 te,
890 1355 983 1432 atque

38 1461 53 1502 a
69 1447 306 1526 congregatione
321 1446 376 1506 tua
390 1445 581 1519 susceptum,
604 1461 642 1504 ne
663 1443 885 1522 posteritatem
902 1447 986 1508 lete·

43 1541 83 1596 ret
102 1540 163 1613 uis,
187 1557 271 1618 quae
293 1539 326 1596 in
347 1537 427 1597 bona
450 1535 543 1597 istius
572 1537 739 1612 ecclesiae,
762 1538 795 1597 in
817 1540 985 1618 religiosae

47 1629 127 1691 domus
143 1631 396 1705 institutionem,
412 1629 619 1708 probatosque
634 1630 799 1708 eiusritus
814 1631 909 1694 illata
922 1638 983 1706 est,

46 1725 146 1802 tuaeque
158 1728 229 1789 erit
240 1724 402 1798 solertiae,
415 1723 752 1804 editaejdeclarationis
762 1729 881 1802 actum,
889 1745 986 1803 quan-

45 1817 73 1875 do
89 1837 189 1897 nouae,
215 1821 295 1900 quod
317 1822 400 1880 Dens
420 1819 560 1892 avertat,
584 1820 695 1880 turbae
716 1818 872 1895 accidant,
893 1838 987 1880 reno·

43 1927 110 1984 uere,
124 1915 175 1975 ubi
199 1913 231 1972 id
255 1911 324 1972 sine
345 1915 412 1984 tuo,
428 1913 617 1988 tuarumque
631 1911 830 1972 alumnarum
845 1912 984 1990 periculo

43 2001 125 2066 liceat.
148 2007 325 2068 Probamus
348 2003 426 2064 item
452 2002 636 2080 ingenium,
664 2006 744 2082 quod
770 2005 921 2081 adhibes,
948 2010 985 2068 nt

44 2095 143 2161 diuinae
162 2101 274 2162 laudes
295 2098 328 2157 in
350 2096 483 2157 ecclesia
504 2098 571 2170 tua,
587 2097 636 2157 uti
652 2101 757 2168 antea,
771 2100 983 2178 celebrentur,

44 2191 87 2248 etsi
106 2193 133 2253 id
158 2193 313 2272 perficere
341 2192 449 2250 coacta
473 2188 516 2249 sie
537 2187 641 2250 ianuis
668 2191 807 2270 clausis,
836 2195 985 2274 nulloque

41 2279 97 2343 dato
121 2287 245 2365 publico
272 2285 383 2362 signo;
412 2283 495 2361 quod
520 2286 557 2343 ut
580 2284 722 2362 aequiori
749 2286 855 2349 ierant
883 2289 986 2352 animo

41 2374 160 2442 alumnae
182 2384 269 2452 tuae,
292 2397 327 2438 ac
347 2375 536 2437 ferventiori
558 2381 746 2457 ergaDeum
771 2382 929 2446 charitate
950 2384 984 2444 in

42 2468 90 2530 dies
108 2474 353 2546 inflammentur,
376 2471 414 2530 ad
436 2487 544 2532 earum
559 2473 743 2535 memoriam
759 2477 895 2555 rediges,
912 2496 986 2556 apo-

46 2565 118 2628 stolus
126 2569 223 2629 inisse
237 2587 257 2628 a
270 2565 397 2628 Christo
410 2565 541 2626 Domino
555 2566 670 2626 clausis
689 2567 793 2628 ianuis
807 2570 988 2646 praesentia

47 2671 85 2718 sue
101 2665 269 2722 recreatos.
286 2658 438 2720 Volumus
459 2657 600 2733 interim,
625 2662 661 2720 ut
681 2679 734 2721 ess
755 2661 861 2723 verbis
882 2679 987 2722 conso-

44 2747 146 2817 lationis
167 2753 293 2814 nomine
312 2753 428 2815 Nostro
450 2752 641 2828 alloquaris,
665 2757 701 2815 ut
721 2757 902 2817 constantes
923 2755 988 2816 sint

43 2841 65 2901 in
86 2854 185 2911 sancto
210 2845 396 2926 proposito,
420 2864 515 2922 eoque
537 2845 570 2905 in
592 2849 689 2907 Deum
717 2847 853 2908 firmiori
879 2867 932 2926 spe
955 2866 987 2910 se

45 2940 232 3020 uigentque
254 2937 466 3001 imbecilliora
486 2940 623 3000 humana
644 2939 794 3001 videntur
816 2941 987 3018 praesidie3

45 3029 151 3112 tibique,
167 3035 286 3096 dilecta
299 3032 331 3092 in
346 3031 473 3093 Christo
485 3031 588 3104 ¹llilia,
606 3031 728 3110 totique
750 3032 987 3111 congregationi

44 3123 108 3200 tuae,
116 3145 208 3206 quem
222 3126 363 3202 impensa
376 3122 776 3202 prosequimnroharitate,
787 3126 988 3203 apostolicam

44 3212 267 3281 benedictionem
288 3235 328 3278 ex
349 3217 453 3279 animo
474 3217 685 3296 impertimur.

88 3317 197 3398 Datum
211 3316 329 3374 Romae
344 3312 425 3389 apud
440 3311 473 3372 S.
490 3313 621 3372 Petrum
639 3313 695 3373 XI.
712 3311 833 3374 calend.
850 3313 993 3375 Februa·

46 3403 91 3468 uias
104 3408 289 3481 unccxcl,
304 3405 516 3467 Pontificatus
526 3406 638 3468 Nostri
652 3424 734 3466 anno
748 3409 835 3469 XVI.

298 3497 452 3561 Callistus
462 3498 632 3560 Moriatur
646 3518 668 3561 a
680 3500 756 3562 Lot.
768 3499 877 3580 Epist.
886 3499 990 3564 semi.

122 3621 178 3672 Vol.
197 3623 223 3674 I.
868 3627 885 3674 l
