2364 4198
218 311 281 372 iam
297 309 431 388 amplius
443 310 617 371 addendum
629 310 834 382 arbitramur,
850 308 967 369 dilecte
979 307 1043 368 Fili
1054 309 1171 378 Noster,

219 422 288 465 cnm
316 409 349 466 te
378 408 433 465 tua
463 404 624 482 praeclare
657 405 827 465 voluntate
859 420 1057 481 summopere
1084 404 1178 462 incer-l

219 515 288 558 snm
316 516 397 558 nunc
424 498 559 558 maxime
589 499 627 559 ad
653 497 818 576 religionis
846 496 1007 570 studium,
1028 497 1069 556 ad
1091 491 1178 556 animi

218 581 456 665 ¹fortitudinem,
478 594 512 651 et
532 592 744 652 constantiam
771 589 981 651 exhibendam
1002 589 1178 662 videamnsp

218 686 439 746 confirmamus
474 689 578 746 tamen
609 686 671 746 iam
700 688 794 745 autea
818 683 1016 744 declaratum
1039 683 1100 744 tibi
1126 685 1176 743 No·

218 783 320 840 strum
341 780 378 838 de
408 781 441 838 te
469 777 638 850 iudicium,
661 796 721 854 quo
744 779 824 838 nihil
846 796 913 838 esse
936 779 1046 854 potest
1075 777 1113 837 ad
1138 776 1175 836 tri

218 871 351 933 nominis
366 870 490 931 laudem
512 870 841 948 existimationemque
855 871 1064 931 cumulatius.
1081 872 1174 947 Neque

217 964 359 1043 proiecto
380 963 572 1036 dubitamus,
588 962 663 1039 quin
684 965 766 1023 Dens
780 963 925 1040 Optimus
946 962 1122 1036 Maximus,
1134 953 1179 1044 quil

218 1076 274 1118 sua
295 1056 400 1135 gratia
425 1060 546 1116 tantm
575 1057 633 1115 hoc
662 1059 803 1134 tempore
824 1055 981 1116 uirtutem
1013 1057 1049 1114 in
1079 1055 1179 1116 animis

217 1151 373 1212 excitavit
385 1168 462 1228 pene
476 1149 614 1209 omnium
623 1149 805 1210 Gallicanae
818 1150 978 1211 Ecclesiae
991 1150 1171 1220 antistitum,

218 1261 305 1305 suam
327 1243 400 1302 inde
421 1242 571 1302 maiorem
601 1243 712 1304 eliciat
731 1243 890 1321 gloriam,
914 1261 955 1303 ex
983 1243 1169 1305 inscrutabili

153 1393 156 1400 .
218 1336 341 1398 scilicet
362 1353 490 1396 suorum
512 1335 716 1396 consiliorum
738 1337 862 1402 ratione
883 1339 1165 1414 proventuramlc

218 1431 250 1491 in
272 1429 455 1491 caelestium
476 1447 641 1490 munerum
666 1430 840 1508 auspicium
860 1430 1075 1508 apostolicam
1098 1433 1164 1491 benc·

217 1523 385 1583 dictionem
406 1522 485 1598 tibi,
500 1523 615 1584 dilecte
634 1524 713 1585 Filii
726 1526 861 1598 Noster,
878 1528 1016 1600 tuaeque
1031 1524 1108 1585 fidei
1120 1541 1169 1584 con·

216 1617 346 1677 creditis
367 1617 476 1677 ovibus
505 1617 535 1676 in
556 1618 692 1680 Nostrae
720 1618 817 1678 etiam
844 1614 1027 1696 'singularis
1054 1620 1170 1680 benerc

217 1709 335 1770 lentiae
356 1709 468 1788 pignus
490 1715 694 1789 peramanter
715 1710 928 1788 impertimur.

276 1804 390 1864 natum
413 1805 542 1876 nomae,
564 1803 615 1863 aa
635 1805 743 1866 xxix
765 1803 846 1864 rann
868 1805 1067 1880 nocem,
1082 1801 1171 1866 ronu-

217 1895 328 1968 ficatus
348 1897 459 1959 Nostri
480 1899 572 1956 Anno
585 1898 687 1958 XVII.

624 2095 753 2158 ΧΙιΙΙ.

408 2217 571 2262 caatsstuo
584 2216 619 2259 ne
632 2214 764 2260 cnarsro
778 2215 860 2258 ruore
871 2213 996 2259 acerno
1027 2251 1030 2258 ,

529 2323 906 2416 nuuovmo¹

390 2513 595 2574 Francorum
616 2513 700 2591 Repa'
722 2508 1005 2574 christianissimo

427 2681 599 2763 PIUS
645 2681 837 2760 ΡΑΡΑ
890 2679 960 2756 Vl.

303 2857 491 2918 carissime
504 2857 542 2916 in
557 2859 694 2917 christo
707 2857 779 2916 Fili
791 2860 930 2930 Noster,
941 2859 1100 2919 sa1utem

395 2956 430 3011 et
449 2952 686 3022 apostolicam
700 2949 999 3010 Benedictionem.

275 3110 425 3172 Evenisse
447 3112 586 3183 tandem,
601 3110 683 3187 quod
698 3126 893 3185 summopere
906 3108 1113 3185 cupiebamus
1123 3107 1166 3184 (1).

215 3200 449 3276 intelleximus,
471 3203 670 3265 Maiestatem
693 3204 812 3275 Tuam,
834 3202 920 3261 inter
945 3201 1055 3262 varios
1080 3214 1167 3266 casua

215 3293 347 3356 timores
361 3315 404 3358 ,ac
425 3295 606 3357 discrimina
630 3313 670 3356 ex
695 3294 753 3356 illa
776 3294 949 3356 Parisieusi
976 3295 1167 3355 efferatorun

276 3429 312 3486 (1)
328 3430 364 3477 Le
381 3427 523 3477 souverain
538 3427 640 3475 Pontiie
656 3428 764 3486 croyant
780 3427 903 3474 manant
913 3437 942 3473 ce
951 3424 1015 3484 qn’ll
1030 3421 1166 3480 dambe

214 3502 342 3564 contrait,
353 3517 401 3566 par
414 3517 465 3554 aaa
480 3504 550 3554 ionic
566 3503 598 3552 ‹lc
615 3504 729 3554 coartare
742 3503 825 3564 partis
840 3501 872 3551 dc
887 3503 947 3551 tous
962 3501 1000 3550 les
1016 3501 1102 3563 points
1111 3497 1166 3547 uu
