2372 4198
227 304 325 363 Immo
339 307 465 364 sanetus
478 302 628 364 Pontifex
643 303 702 362 hac
712 301 871 363 occasione
886 304 1010 376 docuit,
1022 301 1119 362 obiici
1131 291 1177 360 noni

178 417 181 420 ·
226 414 315 474 posse
342 397 532 473 peculiarem
561 397 792 474 indulgentiam
813 397 982 475 aliquando
1005 397 1172 468 adhibitam,

227 507 264 550 eo
283 491 362 567 quod
378 489 456 550 salis
470 494 643 570 constaret,
658 495 763 551 actum
778 491 874 552 fuisse
889 490 980 568 qnasi
1003 492 1175 568 dispensato

227 584 275 644 rie
292 601 354 660 pro
374 585 525 657 remedio,
543 589 581 646 cc
601 589 791 647 necessitate
812 590 965 663 temporie
986 587 1046 666 (l).

287 677 395 753 Neque
409 677 473 737 elia
493 683 580 738 certe
594 678 658 738 fuit
678 679 712 738 S.
727 679 914 758 Hieronymi
936 680 1115 739 sententia.
1131 679 1175 740 llis·

228 787 335 832 serens
355 771 438 830 enim
452 771 490 828 de
507 770 658 847 episcopis
679 772 777 847 lapsis
797 772 828 830 in
843 772 971 848 Synodo
986 771 1174 844 Ariminensi,

228 865 370 937 censuit,
392 855 443 924 eos
464 865 501 923 de
532 865 621 924 soliis
641 865 870 942 episcopalibus
890 866 1032 926 deiectos
1054 867 1177 926 debuisse

228 959 315 1019 inter
344 959 439 1018 laicos
461 955 562 1033 redigi
583 957 622 1016 sd
649 965 816 1034 perpetuas
843 957 881 1016 de
903 958 1027 1017 scelere
1048 959 1175 1019 lacrines

185 1061 190 1072 ·
228 1051 427 1112 effundendas
448 1048 505 1126 (2).
534 1049 755 1110 consideravit
776 1054 880 1110 tamen
909 1055 1042 1110 sanctus
1071 1055 1168 1112 Doctor

229 1161 318 1221 posse
339 1140 482 1204 nonnihil
504 1142 542 1200 de
564 1142 739 1202 huiusmodi
766 1143 873 1219 rigore
894 1141 1068 1218 aliquando
1090 1145 1156 1203 remi

228 1235 333 1316 ti(3);
358 1242 452 1311 utque
479 1234 622 1294 remissio
644 1235 820 1294 huiusmodi
848 1236 945 1294 centis
967 1242 1055 1296 esset
1078 1237 1165 1315 regnl'

227 1329 479 1405 circumscripte,
494 1328 525 1387 in
548 1329 674 1405 Synodo
688 1328 915 1400 Alexandrina,
931 1330 983 1388 cui
1000 1332 1037 1390 S.
1053 1333 1151 1392 Athen

227 1424 310 1495 sins,
332 1423 474 1483 Hilarius
497 1421 724 1496 Pictaviensin,
747 1431 780 1482 et
800 1422 952 1482 Eusebius
981 1425 1147 1485 Vercellen

227 1516 463 1589 interfuerunt,
487 1517 607 1593 placuit
627 1521 781 1588 statuere,
803 1519 900 1593 quoad
924 1517 1062 1579 sceleris
1083 1515 1164 1596 prin*

227 1629 283 1688 pes
304 1612 397 1686 etque
418 1617 576 1690 auctores,
598 1629 674 1687 quos
694 1628 784 1671 error
796 1628 947 1670 excusare
971 1631 1036 1672 non
1059 1613 1176 1689 poterat,

227 1705 349 1766 servari
379 1704 521 1808 illaesum
555 1704 718 1810 antiquum
742 1705 897 1764 Ecclesiae
919 1723 1094 1810 canonem,
1113 1707 1174 1766 alios

228 1895 379 1964 Romana,
402 1895 435 1948 et
454 1889 666 1950 Occidentalis
688 1891 788 1950 ornnis
807 1891 959 1962 Ecclesia,
983 1893 1132 1954 veluti'd
1109 1911 1117 1951 1
1135 1907 1172 1950 en

229 1988 262 2047 S.
278 1987 489 2062 Hieronymus
511 1987 649 2043 testatur
664 1985 721 2062 (4).

288 2080 369 2139 Hinc
384 2077 510 2136 minime
524 2078 588 2139 Nos
603 2080 781 2138 recedemus
801 2079 840 2138 ab
860 2078 1026 2155 aequitate
1045 2085 1078 2140 et
1090 2074 1178 2138 induli

228 2174 348 2252 gentio,
364 2173 555 2250 postmodum
572 2171 603 2229 in
625 2171 798 2231 Ecclesiam
820 2177 959 2248 recepta,
982 2173 1011 2231 si
1036 2175 1168 2250 postulen-

228 2268 313 2328 tibns
335 2266 421 2324 vobis
450 2267 623 2341 generatim
647 2265 841 2340 intrusornm
867 2263 1162 2327 absolvendornnn·

228 2361 392 2430 cultatem,
408 2362 610 2418 secernentur
631 2376 650 2418 a
670 2359 769 2418 Nobis
790 2358 988 2435 Presbyteri,
1009 2360 1114 2438 aliique
1124 2357 1156 2414 in-

228 2454 355 2515 ferioris
382 2452 501 2510 ordinis
526 2450 737 2510 Ecclesiastici
761 2451 828 2509 Viri
860 2452 899 2511 ab
927 2443 1182 2534 archiepiscopiss

229 2553 263 2608 ct
293 2547 331 2606 ab
352 2544 502 2622 episcopis
535 2544 653 2602 ordinis
675 2543 856 2620 superioris.
885 2546 933 2605 Ad
968 2547 1164 2625 Presbytero,

228 2642 366 2717 aliosque
397 2637 631 2698 Ecclesiasticos
653 2637 748 2697 Viros
780 2641 858 2714 qood
881 2645 1031 2715 spectat,
1055 2659 1107 2718 per
1122 2640 1167 2699 Nn

227 2735 260 2794 in
281 2739 415 2811 quarta,
438 2738 472 2790 et
492 2732 602 2807 qeninta
623 2731 721 2790 classe
749 2735 987 2808 comprehensos
1010 2734 1169 2811 apostoliea·

228 2848 296 2892 rum
320 2830 502 2888 litterarum
526 2826 587 2884 diei
611 2826 648 2886 19
676 2827 842 2902 praeteriti
868 2826 977 2885 Martii
1004 2829 1064 2905 (5),
1090 2843 1182 2932 conce,

228 2927 328 2986 dimus
350 2925 387 2983 ad
410 2939 522 2982 annum
540 2921 705 2997 unicuique
729 2926 884 2991 vestrum,
901 2920 1010 2980 dilecti
1030 2923 1105 2982 Filii
1123 2921 1169 2981 No·

291 3056 325 3110 (1)
342 3054 389 3101 cit.
400 3053 480 3110 epist.
492 3053 572 3098 xm.
583 3063 653 3097 num.
665 3051 689 3096 5.

291 3133 325 3182 (i)
337 3129 511 3177 commentia
521 3127 678 3174 Ezechielem
688 3126 779 3184 Proph.
791 3125 908 3172 lioxm.
918 3138 974 3182 cap.
987 3126 1078 3172 XLIV.
1087 3123 1108 3185 ς.
1116 3119 1149 3170 nn

228 3204 303 3263 dicit,
314 3206 374 3252 edit.
387 3208 529 3252 veneten.
542 3205 825 3260 1iee.tom.v.part.1.
843 3214 900 3260 pag.
913 3203 968 3258 ΜΞ,
981 3203 1036 3259 543,
1048 3203 1093 3248 544
1102 3203 1123 3247 et

292 3284 328 3338 (e)
340 3282 387 3329 cit.
401 3282 537 3328 comment.
549 3281 577 3326 in
587 3279 742 3325 Ezechielem
753 3278 796 3324 cit.
806 3290 863 3335 pag.
877 3279 931 3324 545.
943 3274 968 3328 ii.
982 3274 1124 3338 Quidquid

293 3359 327 3411 (4)
345 3357 453 3403 Tomll.
465 3355 588 3402 adversus
597 3354 782 3410 Luciferlsnos,
794 3355 867 3401 cuins
878 3355 957 3402 verba
966 3355 1109 3402 relernnsnr
1120 3339 1174 3425 auri,

230 3435 359 3484 Labbeum
369 3436 412 3480 cit.
423 3437 485 3480 tom.
497 3435 544 3479 111.
557 3432 606 3478 col.
618 3433 673 3478 eds.
1078 3485 1083 3504 Ι

294 3515 329 3566 (ὅ)
347 3511 403 3559 viu.
415 3523 485 3558 num.
497 3512 577 3556 nvn.
589 3507 613 3564 5.
628 3507 771 3569 Parocios,
782 3509 870 3566 etseq.
881 3520 939 3568 pag.
951 3510 1008 3557 2⁵17.
