<?xml version="1.0" encoding="UTF-8"?>
<!DOCTYPE html PUBLIC "-//W3C//DTD XHTML 1.0 Transitional//EN"
    "http://www.w3.org/TR/xhtml1/DTD/xhtml1-transitional.dtd">
<html xmlns="http://www.w3.org/1999/xhtml" xml:lang="en" lang="en">
 <head>
  <title>
</title>
<meta http-equiv="Content-Type" content="text/html;charset=utf-8" />
  <meta name='ocr-system' content='tesseract 3.04.00' />
  <meta name='ocr-capabilities' content='ocr_page ocr_carea ocr_par ocr_line ocrx_word'/>
</head>
<body>
  <div class='ocr_page' id='page_1' title='image "./piivipontmaxact00piusgoog_0458.png"; bbox 0 0 2374 4196; ppageno 0'>
   <div class='ocr_carea' id='block_1_1' title="bbox 373 232 548 293">
    <p class='ocr_par' dir='ltr' id='par_1_1' title="bbox 373 232 548 293">
     <span class='ocr_line' id='line_1_1' title="bbox 373 232 548 293; baseline 0 0"><span class='ocrx_word' id='word_1_1' title='bbox 373 232 548 293; x_wconf 74' lang='lat'>-453-</span> 
     </span>
    </p>
   </div>
   <div class='ocr_carea' id='block_1_2' title="bbox 1 337 988 3135">
    <p class='ocr_par' dir='ltr' id='par_1_2' title="bbox 1 337 988 3135">
     <span class='ocr_line' id='line_1_2' title="bbox 81 337 866 402; baseline -0.003 -2"><span class='ocrx_word' id='word_1_2' title='bbox 81 337 276 400; x_wconf 85' lang='lat' dir='ltr'><strong>Avenionen.</strong></span> <span class='ocrx_word' id='word_1_3' title='bbox 292 371 307 384; x_wconf 93' lang='lat'><em>-</em></span> <span class='ocrx_word' id='word_1_4' title='bbox 320 341 520 402; x_wconf 78' lang='lat' dir='ltr'>Commendat</span> <span class='ocrx_word' id='word_1_5' title='bbox 536 339 706 400; x_wconf 86' lang='lat' dir='ltr'><strong>multorum</strong></span> <span class='ocrx_word' id='word_1_6' title='bbox 722 341 866 399; x_wconf 87' lang='lat' dir='ltr'><strong>consten-</strong></span> 
     </span>
     <span class='ocr_line' id='line_1_3' title="bbox 84 432 865 510; baseline 0.003 -18"><span class='ocrx_word' id='word_1_7' title='bbox 84 433 162 492; x_wconf 85' lang='lat' dir='ltr'><strong>tiam</strong></span> <span class='ocrx_word' id='word_1_8' title='bbox 183 437 217 493; x_wconf 91' lang='lat' dir='ltr'><strong>et</strong></span> <span class='ocrx_word' id='word_1_9' title='bbox 238 432 436 510; x_wconf 88' lang='lat' dir='ltr'><strong>patientiam,</strong></span> <span class='ocrx_word' id='word_1_10' title='bbox 452 452 529 510; x_wconf 88' lang='lat' dir='ltr'><strong>quos</strong></span> <span class='ocrx_word' id='word_1_11' title='bbox 543 436 580 494; x_wconf 89' lang='lat' dir='ltr'><strong>ad</strong></span> <span class='ocrx_word' id='word_1_12' title='bbox 595 435 865 510; x_wconf 84' lang='lat' dir='ltr'><strong>perseverantiam</strong></span> 
     </span>
     <span class='ocr_line' id='line_1_4' title="bbox 84 525 863 588; baseline 0.003 -2"><span class='ocrx_word' id='word_1_13' title='bbox 84 525 287 586; x_wconf 77' lang='lat' dir='ltr'><strong>adhortatur.</strong></span> <span class='ocrx_word' id='word_1_14' title='bbox 312 527 418 586; x_wconf 81' lang='lat' dir='ltr'><strong>Mittit</strong></span> <span class='ocrx_word' id='word_1_15' title='bbox 438 526 693 587; x_wconf 87' lang='lat' dir='ltr'><strong>commonitorias</strong></span> <span class='ocrx_word' id='word_1_16' title='bbox 721 527 863 588; x_wconf 82' lang='lat' dir='ltr'><strong>Litteras</strong></span> 
     </span>
     <span class='ocr_line' id='line_1_5' title="bbox 80 619 861 696; baseline 0.001 -15"><span class='ocrx_word' id='word_1_17' title='bbox 80 619 277 696; x_wconf 82' lang='lat' dir='ltr'><strong>Apostolicas</strong></span> <span class='ocrx_word' id='word_1_18' title='bbox 299 619 358 679; x_wconf 91' lang='lat' dir='ltr'><strong>diei</strong></span> <span class='ocrx_word' id='word_1_19' title='bbox 383 621 422 680; x_wconf 81' lang='lat'><strong>19</strong></span> <span class='ocrx_word' id='word_1_20' title='bbox 443 619 552 680; x_wconf 88' lang='lat' dir='ltr'><strong>Martii</strong></span> <span class='ocrx_word' id='word_1_21' title='bbox 574 620 666 680; x_wconf 89' lang='lat' dir='ltr'><strong>huius</strong></span> <span class='ocrx_word' id='word_1_22' title='bbox 688 622 774 682; x_wconf 88' lang='lat' dir='ltr'><strong>anni.</strong></span> <span class='ocrx_word' id='word_1_23' title='bbox 795 623 861 682; x_wconf 85' lang='lat' dir='ltr'><strong>Mo·</strong></span> 
     </span>
     <span class='ocr_line' id='line_1_6' title="bbox 83 712 863 776; baseline 0.005 -4"><span class='ocrx_word' id='word_1_24' title='bbox 83 716 138 772; x_wconf 91' lang='lat' dir='ltr'><strong>net</strong></span> <span class='ocrx_word' id='word_1_25' title='bbox 159 716 195 772; x_wconf 90' lang='lat' dir='ltr'><strong>ut</strong></span> <span class='ocrx_word' id='word_1_26' title='bbox 215 712 352 772; x_wconf 83' lang='lat' dir='ltr'><strong>debitam</strong></span> <span class='ocrx_word' id='word_1_27' title='bbox 374 713 465 773; x_wconf 88' lang='lat' dir='ltr'><strong>fidem</strong></span> <span class='ocrx_word' id='word_1_28' title='bbox 487 716 616 773; x_wconf 86' lang='lat' dir='ltr'><strong>servent</strong></span> <span class='ocrx_word' id='word_1_29' title='bbox 636 713 733 774; x_wconf 88' lang='lat' dir='ltr'><strong>etiam</strong></span> <span class='ocrx_word' id='word_1_30' title='bbox 759 716 791 776; x_wconf 91' lang='lat' dir='ltr'><strong>in</strong></span> <span class='ocrx_word' id='word_1_31' title='bbox 821 716 863 775; x_wconf 88' lang='lat' dir='ltr'><strong>oi-</strong></span> 
     </span>
     <span class='ocr_line' id='line_1_7' title="bbox 83 804 867 881; baseline 0.008 -17"><span class='ocrx_word' id='word_1_32' title='bbox 83 804 202 866; x_wconf 84' lang='lat' dir='ltr'><strong>vilibus</strong></span> <span class='ocrx_word' id='word_1_33' title='bbox 215 805 417 881; x_wconf 85' lang='lat' dir='ltr'><strong>Apostolicae</strong></span> <span class='ocrx_word' id='word_1_34' title='bbox 431 807 516 880; x_wconf 76' lang='lat' dir='ltr'><strong>Sodi,</strong></span> <span class='ocrx_word' id='word_1_35' title='bbox 533 807 564 866; x_wconf 93' lang='lat' dir='ltr'><strong>in</strong></span> <span class='ocrx_word' id='word_1_36' title='bbox 581 807 669 867; x_wconf 91' lang='lat' dir='ltr'><strong>cuius</strong></span> <span class='ocrx_word' id='word_1_37' title='bbox 683 807 802 869; x_wconf 87' lang='lat' dir='ltr'><strong>ditione</strong></span> <span class='ocrx_word' id='word_1_38' title='bbox 818 812 867 870; x_wconf 89' lang='lat' dir='ltr'><strong>est</strong></span> 
     </span>
     <span class='ocr_line' id='line_1_8' title="bbox 84 898 947 980; baseline 0.005 -21"><span class='ocrx_word' id='word_1_39' title='bbox 84 899 200 959; x_wconf 81' lang='lat' dir='ltr'><strong>civitas</strong></span> <span class='ocrx_word' id='word_1_40' title='bbox 221 898 277 958; x_wconf 92' lang='lat' dir='ltr'><strong>illa</strong></span> <span class='ocrx_word' id='word_1_41' title='bbox 298 903 331 958; x_wconf 93' lang='lat' dir='ltr'><strong>et</strong></span> <span class='ocrx_word' id='word_1_42' title='bbox 345 900 519 960; x_wconf 82' lang='lat' dir='ltr'><strong>Comitatus</strong></span> <span class='ocrx_word' id='word_1_43' title='bbox 523 945 744 962; x_wconf 92' lang='grc'><strong>.....</strong></span> <span class='ocrx_word' id='word_1_44' title='bbox 784 921 863 980; x_wconf 72' lang='lat' dir='ltr'><strong>pap.</strong></span> <span class='ocrx_word' id='word_1_45' title='bbox 887 902 947 965; x_wconf 84' lang='lat'><strong>303</strong></span> 
     </span>
     <span class='ocr_line' id='line_1_9' title="bbox 1 990 868 1068; baseline 0.008 -20"><span class='ocrx_word' id='word_1_46' title='bbox 1 991 63 1052; x_wconf 78' lang='lat'><strong>,792</strong></span> <span class='ocrx_word' id='word_1_47' title='bbox 84 990 868 1068; x_wconf 63' lang='lat' dir='ltr'><strong>28Maii(1)-up1scop0nunionentaruinaus</strong></span> 
     </span>
     <span class='ocr_line' id='line_1_10' title="bbox 14 1087 988 1166; baseline 0.005 -20"><span class='ocrx_word' id='word_1_48' title='bbox 14 1109 16 1112; x_wconf 93' lang='lat'>·</span> <span class='ocrx_word' id='word_1_49' title='bbox 85 1087 124 1148; x_wconf 89' lang='lat' dir='ltr'><strong>de</strong></span> <span class='ocrx_word' id='word_1_50' title='bbox 138 1087 275 1148; x_wconf 84' lang='lat' dir='ltr'><strong>Zelada.</strong></span> <span class='ocrx_word' id='word_1_51' title='bbox 292 1087 521 1148; x_wconf 76' lang='lat' dir='ltr'><strong>instructiones</strong></span> <span class='ocrx_word' id='word_1_52' title='bbox 536 1089 633 1166; x_wconf 86' lang='lat' dir='ltr'><strong>quoad</strong></span> <span class='ocrx_word' id='word_1_53' title='bbox 649 1088 865 1166; x_wconf 90' lang='lat' dir='ltr'><strong>matrimonia,</strong></span> <span class='ocrx_word' id='word_1_54' title='bbox 985 1103 988 1108; x_wconf 87' lang='lat'>&#39;</span> 
     </span>
     <span class='ocr_line' id='line_1_11' title="bbox 82 1181 865 1258; baseline 0.004 -18"><span class='ocrx_word' id='word_1_55' title='bbox 82 1199 162 1258; x_wconf 89' lang='lat' dir='ltr'><strong>qnae</strong></span> <span class='ocrx_word' id='word_1_56' title='bbox 182 1181 360 1243; x_wconf 90' lang='lat' dir='ltr'><strong>Nationalis</strong></span> <span class='ocrx_word' id='word_1_57' title='bbox 381 1184 576 1254; x_wconf 83' lang='lat' dir='ltr'><strong>Conventus,</strong></span> <span class='ocrx_word' id='word_1_58' title='bbox 607 1182 691 1242; x_wconf 91' lang='lat' dir='ltr'><strong>edito</strong></span> <span class='ocrx_word' id='word_1_59' title='bbox 720 1183 865 1258; x_wconf 88' lang='lat' dir='ltr'><strong>decreto,</strong></span> 
     </span>
     <span class='ocr_line' id='line_1_12' title="bbox 84 1275 946 1353; baseline 0.005 -19"><span class='ocrx_word' id='word_1_60' title='bbox 84 1292 191 1334; x_wconf 86' lang='lat' dir='ltr'><strong>coram</strong></span> <span class='ocrx_word' id='word_1_61' title='bbox 203 1275 455 1353; x_wconf 87' lang='lat' dir='ltr'><strong>Municipalilete</strong></span> <span class='ocrx_word' id='word_1_62' title='bbox 475 1275 628 1335; x_wconf 88' lang='lat' dir='ltr'><strong>celebrari</strong></span> <span class='ocrx_word' id='word_1_63' title='bbox 646 1277 752 1336; x_wconf 88' lang='lat' dir='ltr'><strong>iussit.</strong></span> <span class='ocrx_word' id='word_1_64' title='bbox 797 1321 804 1337; x_wconf 92' lang='lat'><strong><em>.</em></strong></span> <span class='ocrx_word' id='word_1_65' title='bbox 849 1277 946 1338; x_wconf 77' lang='lat'>»311</span> 
     </span>
     <span class='ocr_line' id='line_1_13' title="bbox 24 1368 868 1432; baseline 0.007 -6"><span class='ocrx_word' id='word_1_66' title='bbox 24 1385 42 1426; x_wconf 76' lang='lat' dir='ltr'><strong>r</strong></span> <span class='ocrx_word' id='word_1_67' title='bbox 85 1369 257 1429; x_wconf 82' lang='lat' dir='ltr'><strong>131unii-</strong></span> <span class='ocrx_word' id='word_1_68' title='bbox 277 1371 337 1429; x_wconf 84' lang='lat' dir='ltr'><strong>Ubi</strong></span> <span class='ocrx_word' id='word_1_69' title='bbox 357 1368 535 1429; x_wconf 81' lang='lat' dir='ltr'><strong>Lutetiam.</strong></span> <span class='ocrx_word' id='word_1_70' title='bbox 559 1374 593 1430; x_wconf 78' lang='grc' dir='ltr'><strong>Β.</strong></span> <span class='ocrx_word' id='word_1_71' title='bbox 615 1375 656 1431; x_wconf 88' lang='lat' dir='ltr'><strong>R.</strong></span> <span class='ocrx_word' id='word_1_72' title='bbox 682 1375 721 1430; x_wconf 79' lang='lat' dir='ltr'><strong>E.</strong></span> <span class='ocrx_word' id='word_1_73' title='bbox 751 1373 868 1432; x_wconf 76' lang='lat' dir='ltr'><strong>cardi·</strong></span> 
     </span>
     <span class='ocr_line' id='line_1_14' title="bbox 84 1464 868 1538; baseline 0.004 -16"><span class='ocrx_word' id='word_1_74' title='bbox 84 1464 225 1524; x_wconf 83' lang='lat' dir='ltr'><strong>nelibns</strong></span> <span class='ocrx_word' id='word_1_75' title='bbox 247 1467 282 1522; x_wconf 88' lang='lat' dir='ltr'><strong>et</strong></span> <span class='ocrx_word' id='word_1_76' title='bbox 301 1465 598 1538; x_wconf 80' lang='lat' dir='ltr'><strong>Archiepisoopis‚</strong></span> <span class='ocrx_word' id='word_1_77' title='bbox 616 1467 814 1537; x_wconf 65' lang='lat' dir='ltr'><strong>Episcopis</strong></span> <span class='ocrx_word' id='word_1_78' title='bbox 827 1483 868 1525; x_wconf 90' lang='lat' dir='ltr'><strong>eo</strong></span> 
     </span>
     <span class='ocr_line' id='line_1_15' title="bbox 83 1559 866 1630; baseline 0 -12"><span class='ocrx_word' id='word_1_79' title='bbox 83 1559 296 1618; x_wconf 81' lang='lat' dir='ltr'><strong>dioecesium</strong></span> <span class='ocrx_word' id='word_1_80' title='bbox 310 1559 660 1619; x_wconf 86' lang='lat' dir='ltr'><strong>Administratoribus</strong></span> <span class='ocrx_word' id='word_1_81' title='bbox 677 1562 775 1630; x_wconf 80' lang='lat' dir='ltr'><strong>regni</strong></span> <span class='ocrx_word' id='word_1_82' title='bbox 789 1563 866 1618; x_wconf 81' lang='lat' dir='ltr'><strong>Gal·</strong></span> 
     </span>
     <span class='ocr_line' id='line_1_16' title="bbox 82 1652 868 1728; baseline 0 -17"><span class='ocrx_word' id='word_1_83' title='bbox 82 1654 221 1712; x_wconf 80' lang='lat' dir='ltr'><strong>lienum.</strong></span> <span class='ocrx_word' id='word_1_84' title='bbox 244 1653 326 1712; x_wconf 87' lang='lat' dir='ltr'><strong>Fusa</strong></span> <span class='ocrx_word' id='word_1_85' title='bbox 348 1652 417 1728; x_wconf 84' lang='lat' dir='ltr'><strong>agit</strong></span> <span class='ocrx_word' id='word_1_86' title='bbox 437 1655 474 1712; x_wconf 89' lang='lat' dir='ltr'><strong>de</strong></span> <span class='ocrx_word' id='word_1_87' title='bbox 495 1653 693 1712; x_wconf 85' lang='lat' dir='ltr'><strong>absolutione</strong></span> <span class='ocrx_word' id='word_1_88' title='bbox 715 1653 868 1712; x_wconf 85' lang='lat' dir='ltr'><strong>Ecclesia·</strong></span> 
     </span>
     <span class='ocr_line' id='line_1_17' title="bbox 83 1733 869 1807; baseline -0.001 0"><span class='ocrx_word' id='word_1_89' title='bbox 83 1746 237 1807; x_wconf 84' lang='lat' dir='ltr'><strong>eticorum</strong></span> <span class='ocrx_word' id='word_1_90' title='bbox 259 1733 464 1805; x_wconf 85' lang='lat' dir='ltr'><strong>intrusorum.</strong></span> <span class='ocrx_word' id='word_1_91' title='bbox 489 1746 579 1805; x_wconf 91' lang='lat' dir='ltr'><strong>iliius</strong></span> <span class='ocrx_word' id='word_1_92' title='bbox 600 1747 809 1805; x_wconf 77' lang='lat' dir='ltr'><strong>concedendae</strong></span> <span class='ocrx_word' id='word_1_93' title='bbox 823 1745 869 1806; x_wconf 85' lang='lat' dir='ltr'><strong>ia-</strong></span> 
     </span>
     <span class='ocr_line' id='line_1_18' title="bbox 83 1838 947 1914; baseline 0.003 -16"><span class='ocrx_word' id='word_1_94' title='bbox 83 1839 237 1898; x_wconf 90' lang='lat' dir='ltr'><strong>cultatem</strong></span> <span class='ocrx_word' id='word_1_95' title='bbox 258 1838 411 1911; x_wconf 87' lang='lat' dir='ltr'><strong>concedit,</strong></span> <span class='ocrx_word' id='word_1_96' title='bbox 425 1842 458 1899; x_wconf 91' lang='lat' dir='ltr'><strong>et</strong></span> <span class='ocrx_word' id='word_1_97' title='bbox 471 1840 592 1899; x_wconf 90' lang='lat' dir='ltr'><strong>modum</strong></span> <span class='ocrx_word' id='word_1_98' title='bbox 605 1839 802 1914; x_wconf 88' lang='lat' dir='ltr'><strong>praescribit.</strong></span> <span class='ocrx_word' id='word_1_99' title='bbox 847 1857 865 1899; x_wconf 71' lang='lat' dir='ltr'><strong>o</strong></span> <span class='ocrx_word' id='word_1_100' title='bbox 887 1841 947 1901; x_wconf 86' lang='lat'><strong>315</strong></span> 
     </span>
     <span class='ocr_line' id='line_1_19' title="bbox 26 1932 868 1994; baseline 0.002 -4"><span class='ocrx_word' id='word_1_101' title='bbox 26 1948 43 1990; x_wconf 76' lang='lat' dir='ltr'><strong>r</strong></span> <span class='ocrx_word' id='word_1_102' title='bbox 82 1933 125 1994; x_wconf 84' lang='lat'><strong>20</strong></span> <span class='ocrx_word' id='word_1_103' title='bbox 146 1932 226 1992; x_wconf 90' lang='lat' dir='ltr'><strong>Iunii</strong></span> <span class='ocrx_word' id='word_1_104' title='bbox 243 1963 259 1976; x_wconf 93' lang='lat'>·</span> <span class='ocrx_word' id='word_1_105' title='bbox 273 1933 350 1992; x_wconf 83' lang='lat' dir='ltr'><strong>Post</strong></span> <span class='ocrx_word' id='word_1_106' title='bbox 371 1932 526 1992; x_wconf 84' lang='lat' dir='ltr'><strong>Litteras.</strong></span> <span class='ocrx_word' id='word_1_107' title='bbox 552 1935 701 1993; x_wconf 86' lang='lat' dir='ltr'><strong>Antonio</strong></span> <span class='ocrx_word' id='word_1_108' title='bbox 729 1936 868 1994; x_wconf 79' lang='lat' dir='ltr'><strong>Archis-</strong></span> 
     </span>
     <span class='ocr_line' id='line_1_20' title="bbox 82 2029 866 2099; baseline 0 -13"><span class='ocrx_word' id='word_1_109' title='bbox 82 2029 230 2098; x_wconf 83' lang='lat' dir='ltr'><strong>piscopo</strong></span> <span class='ocrx_word' id='word_1_110' title='bbox 250 2029 419 2087; x_wconf 76' lang='lat' dir='ltr'><strong>Periclen.</strong></span> <span class='ocrx_word' id='word_1_111' title='bbox 445 2030 593 2098; x_wconf 85' lang='lat' dir='ltr'><strong>aliisque</strong></span> <span class='ocrx_word' id='word_1_112' title='bbox 621 2029 779 2099; x_wconf 86' lang='lat' dir='ltr'><strong>pluribus</strong></span> <span class='ocrx_word' id='word_1_113' title='bbox 808 2032 866 2086; x_wconf 86' lang='lat' dir='ltr'><strong>Ar·</strong></span> 
     </span>
     <span class='ocr_line' id='line_1_21' title="bbox 83 2122 866 2193; baseline -0.001 -12"><span class='ocrx_word' id='word_1_114' title='bbox 83 2123 321 2192; x_wconf 83' lang='lat' dir='ltr'><strong>chieplscopls</strong></span> <span class='ocrx_word' id='word_1_115' title='bbox 342 2126 377 2180; x_wconf 89' lang='lat' dir='ltr'><strong>et</strong></span> <span class='ocrx_word' id='word_1_116' title='bbox 398 2123 593 2193; x_wconf 79' lang='lat' dir='ltr'><strong>Episcopls.</strong></span> <span class='ocrx_word' id='word_1_117' title='bbox 616 2122 720 2181; x_wconf 88' lang='lat' dir='ltr'><strong>Mittit</strong></span> <span class='ocrx_word' id='word_1_118' title='bbox 748 2123 785 2180; x_wconf 85' lang='lat' dir='ltr'><strong>ad</strong></span> <span class='ocrx_word' id='word_1_119' title='bbox 814 2139 866 2180; x_wconf 91' lang='lat' dir='ltr'><strong>eos</strong></span> 
     </span>
     <span class='ocr_line' id='line_1_22' title="bbox 83 2214 868 2292; baseline -0.001 -18"><span class='ocrx_word' id='word_1_120' title='bbox 83 2216 307 2292; x_wconf 83' lang='lat' dir='ltr'><strong>praecedentes</strong></span> <span class='ocrx_word' id='word_1_121' title='bbox 327 2215 469 2275; x_wconf 87' lang='lat' dir='ltr'><strong>Litteras</strong></span> <span class='ocrx_word' id='word_1_122' title='bbox 489 2214 688 2291; x_wconf 90' lang='lat' dir='ltr'><strong>Apostolicas</strong></span> <span class='ocrx_word' id='word_1_123' title='bbox 709 2216 746 2274; x_wconf 93' lang='lat' dir='ltr'><strong>de</strong></span> <span class='ocrx_word' id='word_1_124' title='bbox 768 2214 868 2275; x_wconf 90' lang='lat' dir='ltr'><strong>absol·</strong></span> 
     </span>
     <span class='ocr_line' id='line_1_23' title="bbox 84 2305 946 2370; baseline 0.002 -3"><span class='ocrx_word' id='word_1_125' title='bbox 84 2307 447 2368; x_wconf 79' lang='lat' dir='ltr'><strong>ventiisEcclesiasticis</strong></span> <span class='ocrx_word' id='word_1_126' title='bbox 469 2309 600 2368; x_wconf 84' lang='lat' dir='ltr'><strong>intrusis</strong></span> <span class='ocrx_word' id='word_1_127' title='bbox 635 2354 642 2369; x_wconf 88' lang='lat'><strong>.</strong></span> <span class='ocrx_word' id='word_1_128' title='bbox 688 2354 696 2370; x_wconf 89' lang='lat'><strong>.</strong></span> <span class='ocrx_word' id='word_1_129' title='bbox 741 2353 749 2368; x_wconf 87' lang='lat'><strong>.</strong></span> <span class='ocrx_word' id='word_1_130' title='bbox 796 2354 803 2368; x_wconf 92' lang='lat'>.</span> <span class='ocrx_word' id='word_1_131' title='bbox 847 2305 946 2370; x_wconf 77' lang='lat'>»325</span> 
     </span>
     <span class='ocr_line' id='line_1_24' title="bbox 28 2400 866 2475; baseline 0.007 -18"><span class='ocrx_word' id='word_1_132' title='bbox 28 2416 45 2457; x_wconf 76' lang='lat' dir='ltr'><strong>s</strong></span> <span class='ocrx_word' id='word_1_133' title='bbox 84 2402 125 2463; x_wconf 84' lang='lat'><strong>20</strong></span> <span class='ocrx_word' id='word_1_134' title='bbox 140 2400 220 2461; x_wconf 92' lang='lat' dir='ltr'><strong>Iunii</strong></span> <span class='ocrx_word' id='word_1_135' title='bbox 233 2431 248 2446; x_wconf 92' lang='lat'>-</span> <span class='ocrx_word' id='word_1_136' title='bbox 263 2403 349 2467; x_wconf 80' lang='lat' dir='ltr'><strong>Quae</strong></span> <span class='ocrx_word' id='word_1_137' title='bbox 371 2402 414 2461; x_wconf 87' lang='lat' dir='ltr'><strong>ad</strong></span> <span class='ocrx_word' id='word_1_138' title='bbox 434 2402 508 2462; x_wconf 87' lang='lat' dir='ltr'><strong>Nos.</strong></span> <span class='ocrx_word' id='word_1_139' title='bbox 524 2407 677 2474; x_wconf 71' lang='lat' dir='ltr'><strong>Augusto</strong></span> <span class='ocrx_word' id='word_1_140' title='bbox 692 2405 866 2475; x_wconf 80' lang='lat' dir='ltr'><strong>Episcopo</strong></span> 
     </span>
     <span class='ocr_line' id='line_1_25' title="bbox 84 2494 867 2568; baseline 0 -14"><span class='ocrx_word' id='word_1_141' title='bbox 84 2497 223 2568; x_wconf 85' lang='lat' dir='ltr'><strong>spiren.</strong></span> <span class='ocrx_word' id='word_1_142' title='bbox 249 2497 292 2555; x_wconf 90' lang='lat' dir='ltr'><strong>De</strong></span> <span class='ocrx_word' id='word_1_143' title='bbox 315 2494 467 2555; x_wconf 85' lang='lat' dir='ltr'><strong>facultate</strong></span> <span class='ocrx_word' id='word_1_144' title='bbox 499 2501 533 2557; x_wconf 91' lang='lat' dir='ltr'><strong>ct</strong></span> <span class='ocrx_word' id='word_1_145' title='bbox 555 2515 664 2558; x_wconf 89' lang='lat' dir='ltr'><strong>norma</strong></span> <span class='ocrx_word' id='word_1_146' title='bbox 684 2495 867 2556; x_wconf 87' lang='lat' dir='ltr'><strong>absolvendi</strong></span> 
     </span>
     <span class='ocr_line' id='line_1_26' title="bbox 84 2587 866 2668; baseline -0.001 -19"><span class='ocrx_word' id='word_1_147' title='bbox 84 2588 283 2667; x_wconf 90' lang='lat' dir='ltr'><strong>poenitentes</strong></span> <span class='ocrx_word' id='word_1_148' title='bbox 308 2587 465 2663; x_wconf 87' lang='lat' dir='ltr'><strong>intrusos,</strong></span> <span class='ocrx_word' id='word_1_149' title='bbox 492 2589 626 2666; x_wconf 90' lang='lat' dir='ltr'><strong>quidque</strong></span> <span class='ocrx_word' id='word_1_150' title='bbox 652 2591 805 2668; x_wconf 80' lang='lat' dir='ltr'><strong>egendum</strong></span> <span class='ocrx_word' id='word_1_151' title='bbox 834 2591 866 2648; x_wconf 91' lang='lat' dir='ltr'><strong>in</strong></span> 
     </span>
     <span class='ocr_line' id='line_1_27' title="bbox 82 2682 944 2758; baseline 0.001 -15"><span class='ocrx_word' id='word_1_152' title='bbox 82 2701 157 2743; x_wconf 90' lang='lat' dir='ltr'><strong>casu</strong></span> <span class='ocrx_word' id='word_1_153' title='bbox 178 2687 214 2742; x_wconf 91' lang='lat' dir='ltr'><strong>ut</strong></span> <span class='ocrx_word' id='word_1_154' title='bbox 227 2683 553 2758; x_wconf 87' lang='lat' dir='ltr'><strong>retractatiopublica</strong></span> <span class='ocrx_word' id='word_1_155' title='bbox 567 2682 620 2742; x_wconf 89' lang='lat' dir='ltr'><strong>sit.</strong></span> <span class='ocrx_word' id='word_1_156' title='bbox 666 2726 673 2741; x_wconf 92' lang='lat'><strong>.</strong></span> <span class='ocrx_word' id='word_1_157' title='bbox 720 2727 728 2745; x_wconf 89' lang='lat'><strong>.</strong></span> <span class='ocrx_word' id='word_1_158' title='bbox 774 2728 781 2742; x_wconf 95' lang='lat'><strong>.</strong></span> <span class='ocrx_word' id='word_1_159' title='bbox 823 2699 843 2742; x_wconf 70' lang='lat' dir='ltr'><strong>s</strong></span> <span class='ocrx_word' id='word_1_160' title='bbox 883 2682 944 2744; x_wconf 79' lang='lat'><strong>259</strong></span> 
     </span>
     <span class='ocr_line' id='line_1_28' title="bbox 27 2775 867 2837; baseline 0.006 -6"><span class='ocrx_word' id='word_1_161' title='bbox 27 2791 43 2831; x_wconf 76' lang='lat' dir='ltr'><strong>a</strong></span> <span class='ocrx_word' id='word_1_162' title='bbox 83 2778 125 2837; x_wconf 79' lang='lat'><strong>23</strong></span> <span class='ocrx_word' id='word_1_163' title='bbox 147 2777 229 2836; x_wconf 93' lang='lat' dir='ltr'><strong>Iunii</strong></span> <span class='ocrx_word' id='word_1_164' title='bbox 242 2808 257 2821; x_wconf 95' lang='lat'><em>·</em></span> <span class='ocrx_word' id='word_1_165' title='bbox 272 2775 351 2836; x_wconf 80' lang='lat' dir='ltr'><strong>Cum</strong></span> <span class='ocrx_word' id='word_1_166' title='bbox 371 2779 408 2837; x_wconf 84' lang='lat' dir='ltr'><strong>od</strong></span> <span class='ocrx_word' id='word_1_167' title='bbox 424 2779 551 2837; x_wconf 80' lang='lat' dir='ltr'><strong>litteras</strong></span> <span class='ocrx_word' id='word_1_168' title='bbox 565 2807 581 2821; x_wconf 92' lang='lat'>-</span> <span class='ocrx_word' id='word_1_169' title='bbox 596 2779 716 2836; x_wconf 78' lang='lat' dir='ltr'><strong>carolo</strong></span> <span class='ocrx_word' id='word_1_170' title='bbox 727 2779 867 2837; x_wconf 80' lang='lat' dir='ltr'><strong>Archis-</strong></span> 
     </span>
     <span class='ocr_line' id='line_1_29' title="bbox 84 2873 868 2944; baseline -0.001 -13"><span class='ocrx_word' id='word_1_171' title='bbox 84 2874 232 2944; x_wconf 83' lang='lat' dir='ltr'><strong>piscopo</strong></span> <span class='ocrx_word' id='word_1_172' title='bbox 251 2874 460 2932; x_wconf 83' lang='lat' dir='ltr'><strong>Avenionen.</strong></span> <span class='ocrx_word' id='word_1_173' title='bbox 477 2875 580 2942; x_wconf 84' lang='lat' dir='ltr'><strong>etque</strong></span> <span class='ocrx_word' id='word_1_174' title='bbox 594 2873 778 2942; x_wconf 81' lang='lat' dir='ltr'><strong>Episcopis</strong></span> <span class='ocrx_word' id='word_1_175' title='bbox 791 2874 868 2931; x_wconf 79' lang='lat' dir='ltr'><strong>car·</strong></span> 
     </span>
     <span class='ocr_line' id='line_1_30' title="bbox 89 2965 869 3038; baseline -0.001 -13"><span class='ocrx_word' id='word_1_176' title='bbox 89 2971 329 3038; x_wconf 84' lang='lat' dir='ltr'><strong>pentoreoten.</strong></span> <span class='ocrx_word' id='word_1_177' title='bbox 339 2968 550 3026; x_wconf 75' lang='lat' dir='ltr'><strong>caballicen.</strong></span> <span class='ocrx_word' id='word_1_178' title='bbox 560 2967 748 3024; x_wconf 84' lang='lat' dir='ltr'><strong>vasionen.</strong></span> <span class='ocrx_word' id='word_1_179' title='bbox 763 2965 869 3024; x_wconf 90' lang='lat' dir='ltr'><strong>Mittit</strong></span> 
     </span>
     <span class='ocr_line' id='line_1_31' title="bbox 82 3057 867 3135; baseline 0 -17"><span class='ocrx_word' id='word_1_180' title='bbox 82 3061 305 3135; x_wconf 85' lang='lat' dir='ltr'><strong>praecedentes</strong></span> <span class='ocrx_word' id='word_1_181' title='bbox 323 3058 465 3119; x_wconf 87' lang='lat' dir='ltr'><strong>Litteras</strong></span> <span class='ocrx_word' id='word_1_182' title='bbox 486 3057 684 3134; x_wconf 88' lang='lat' dir='ltr'><strong>Apostolicas</strong></span> <span class='ocrx_word' id='word_1_183' title='bbox 706 3059 743 3118; x_wconf 91' lang='lat' dir='ltr'><strong>de</strong></span> <span class='ocrx_word' id='word_1_184' title='bbox 764 3057 867 3118; x_wconf 91' lang='lat' dir='ltr'><strong>absol·</strong></span> 
     </span>
    </p>
   </div>
   <div class='ocr_carea' id='block_1_3' title="bbox 5 3315 946 3670">
    <p class='ocr_par' dir='ltr' id='par_1_3' title="bbox 5 3315 946 3614">
     <span class='ocr_line' id='line_1_32' title="bbox 48 3315 943 3378; baseline -0.007 -10"><span class='ocrx_word' id='word_1_185' title='bbox 48 3323 81 3375; x_wconf 69' lang='lat'><strong>(1)</strong></span> <span class='ocrx_word' id='word_1_186' title='bbox 98 3321 166 3368; x_wconf 87' lang='lat' dir='ltr'><strong>Huic</strong></span> <span class='ocrx_word' id='word_1_187' title='bbox 180 3318 302 3378; x_wconf 87' lang='lat' dir='ltr'><strong>epistolae</strong></span> <span class='ocrx_word' id='word_1_188' title='bbox 318 3330 414 3364; x_wconf 83' lang='lat' dir='ltr'><strong>annum</strong></span> <span class='ocrx_word' id='word_1_189' title='bbox 430 3317 491 3364; x_wconf 75' lang='lat'>1792</span> <span class='ocrx_word' id='word_1_190' title='bbox 508 3315 558 3364; x_wconf 87' lang='lat' dir='ltr'><strong>dno</strong></span> <span class='ocrx_word' id='word_1_191' title='bbox 574 3317 722 3365; x_wconf 87' lang='lat' dir='ltr'><strong>collectores</strong></span> <span class='ocrx_word' id='word_1_192' title='bbox 739 3315 943 3374; x_wconf 74' lang='lat' dir='ltr'><strong>adscripserunt:</strong></span> 
     </span>
     <span class='ocr_line' id='line_1_33' title="bbox 5 3389 945 3456; baseline 0 -16"><span class='ocrx_word' id='word_1_193' title='bbox 5 3393 83 3455; x_wconf 79' lang='lat' dir='ltr'><strong>eliqui,</strong></span> <span class='ocrx_word' id='word_1_194' title='bbox 101 3399 170 3446; x_wconf 88' lang='lat' dir='ltr'><strong>inter</strong></span> <span class='ocrx_word' id='word_1_195' title='bbox 186 3408 248 3454; x_wconf 87' lang='lat' dir='ltr'><strong>quos</strong></span> <span class='ocrx_word' id='word_1_196' title='bbox 265 3389 296 3442; x_wconf 86' lang='lat' dir='ltr'><strong>cl.</strong></span> <span class='ocrx_word' id='word_1_197' title='bbox 309 3395 336 3441; x_wconf 78' lang='grc' dir='ltr'><strong>Ρ.</strong></span> <span class='ocrx_word' id='word_1_198' title='bbox 350 3394 469 3452; x_wconf 71' lang='lat' dir='ltr'><strong>¹themor,</strong></span> <span class='ocrx_word' id='word_1_199' title='bbox 481 3395 675 3456; x_wconf 84' lang='lat' dir='ltr'><strong>subsequentem</strong></span> <span class='ocrx_word' id='word_1_200' title='bbox 698 3408 792 3442; x_wconf 87' lang='lat' dir='ltr'><strong>annum</strong></span> <span class='ocrx_word' id='word_1_201' title='bbox 809 3394 887 3454; x_wconf 70' lang='lat'>17933</span> <span class='ocrx_word' id='word_1_202' title='bbox 904 3393 945 3440; x_wconf 85' lang='lat' dir='ltr'><strong>his</strong></span> 
     </span>
     <span class='ocr_line' id='line_1_34' title="bbox 5 3467 946 3530; baseline 0.002 -15"><span class='ocrx_word' id='word_1_203' title='bbox 5 3467 175 3522; x_wconf 84' lang='lat' dir='ltr'><strong>dhaerendnm</strong></span> <span class='ocrx_word' id='word_1_204' title='bbox 190 3474 237 3519; x_wconf 89' lang='lat' dir='ltr'><strong>est.</strong></span> <span class='ocrx_word' id='word_1_205' title='bbox 251 3469 364 3528; x_wconf 78' lang='lat' dir='ltr'><strong>contigit</strong></span> <span class='ocrx_word' id='word_1_206' title='bbox 380 3471 463 3517; x_wconf 88' lang='lat' dir='ltr'><strong>eutem</strong></span> <span class='ocrx_word' id='word_1_207' title='bbox 488 3473 589 3528; x_wconf 81' lang='lat' dir='ltr'><strong>praeter</strong></span> <span class='ocrx_word' id='word_1_208' title='bbox 605 3471 761 3530; x_wconf 82' lang='lat' dir='ltr'><strong>opinionem,</strong></span> <span class='ocrx_word' id='word_1_209' title='bbox 779 3469 809 3518; x_wconf 86' lang='lat' dir='ltr'><strong>ut</strong></span> <span class='ocrx_word' id='word_1_210' title='bbox 823 3473 863 3519; x_wconf 91' lang='lat' dir='ltr'><strong>bis</strong></span> <span class='ocrx_word' id='word_1_211' title='bbox 878 3470 946 3518; x_wconf 89' lang='lat' dir='ltr'><strong>idem</strong></span> 
     </span>
     <span class='ocr_line' id='line_1_35' title="bbox 6 3544 927 3614; baseline 0 -21"><span class='ocrx_word' id='word_1_212' title='bbox 6 3553 165 3614; x_wconf 82' lang='lat' dir='ltr'><strong>crumentum</strong></span> <span class='ocrx_word' id='word_1_213' title='bbox 187 3547 389 3609; x_wconf 69' lang='lat' dir='ltr'><strong>imprimentes,</strong></span> <span class='ocrx_word' id='word_1_214' title='bbox 407 3545 527 3595; x_wconf 81' lang='lat' dir='ltr'><strong>videlicet</strong></span> <span class='ocrx_word' id='word_1_215' title='bbox 541 3545 601 3606; x_wconf 86' lang='lat' dir='ltr'><strong>hle,</strong></span> <span class='ocrx_word' id='word_1_216' title='bbox 619 3549 645 3596; x_wconf 86' lang='lat' dir='ltr'><strong>et</strong></span> <span class='ocrx_word' id='word_1_217' title='bbox 659 3546 688 3596; x_wconf 90' lang='lat' dir='ltr'><strong>ln</strong></span> <span class='ocrx_word' id='word_1_218' title='bbox 703 3544 754 3596; x_wconf 91' lang='lat' dir='ltr'><strong>vol.</strong></span> <span class='ocrx_word' id='word_1_219' title='bbox 772 3550 796 3597; x_wconf 75' lang='lat'><strong>2.</strong></span> <span class='ocrx_word' id='word_1_220' title='bbox 813 3560 871 3608; x_wconf 76' lang='lat' dir='ltr'><strong>pag.</strong></span> <span class='ocrx_word' id='word_1_221' title='bbox 889 3548 927 3595; x_wconf 78' lang='lat'><strong>12.</strong></span> 
     </span>
    </p>

    <p class='ocr_par' dir='ltr' id='par_1_4' title="bbox 827 3635 844 3670">
     <span class='ocr_line' id='line_1_36' title="bbox 827 3635 844 3670; baseline 0 0"><span class='ocrx_word' id='word_1_222' title='bbox 827 3635 844 3670; x_wconf 76' lang='lat' dir='ltr'><strong>s</strong></span> 
     </span>
    </p>
   </div>
   <div class='ocr_carea' id='block_1_4' title="bbox 0 0 1192 4196">
    <p class='ocr_par' dir='ltr' id='par_1_5' title="bbox 0 0 1192 4196">
     <span class='ocr_line' id='line_1_37' title="bbox 0 0 1192 4196; baseline 0 0"><span class='ocrx_word' id='word_1_223' title='bbox 0 0 1192 4196; x_wconf 95' lang='lat' dir='ltr'><strong> </strong></span> 
     </span>
    </p>
   </div>
  </div>
 </body>
</html>
