2456 4192
29 314 128 384 mirct,
145 312 207 388 qai
227 310 370 370 custodit
389 309 504 381 Israel,
520 317 551 369 ct
572 311 632 388 qai
652 309 824 387 discipulis
844 314 912 372 suis
925 315 988 373 ait:

30 405 105 466 Ecce
118 422 177 482 ayo
191 405 357 464 vobiscum
372 421 443 464 sam
456 405 605 466 omuibus
618 405 730 465 dicbus
743 421 844 482 rcsqoc
859 406 903 466 ad
916 423 991 467 coa-

30 499 275 558 summatioacm
295 500 419 559 saccali
427 521 441 570 ,·
468 500 538 559 nisi
564 499 766 574 dipaaretar
792 515 860 558 ooo
887 503 990 560 solam

34 590 133 651 Custos
154 595 288 663 oviam,
311 591 366 651 sed
392 595 535 668 ipsorum
561 593 662 652 ctiam
688 591 808 650 Pastor
834 608 898 653 csse
919 591 991 654 Pa·

39 693 145 743 storum
159 685 220 762 (l).

84 776 238 843 Quoniam
261 794 337 836 vero
351 781 426 837 tnnc
441 777 589 849 maxime,
603 781 638 837 et
648 775 859 838 abundantius
880 778 913 838 in
926 779 991 840 Nos

37 887 156 930 munera
188 867 300 930 divina
326 870 538 944 descendunt,
564 888 658 948 qaum
686 872 804 933 Nostra
828 870 867 932 ad
895 875 992 934 mum

35 965 166 1024 ascendit
188 963 315 1036 oratio;
337 963 412 1036 Vos,
433 962 632 1024 venerabiles
651 964 796 1038 Fratres,
818 965 991 1040 adiutores,

34 1062 63 1116 et
80 1056 276 1126 consultores
297 1057 429 1117 Nostros
450 1073 531 1116 nuuc
552 1056 689 1132 primum
707 1058 896 1132 allocuturi,
912 1059 990 1121 illud

35 1152 119 1212 etiam
133 1147 301 1228 'imprimis
323 1168 342 1210 a
355 1148 450 1209 Vobis
462 1167 652 1227 magnopere
672 1149 850 1227 expetimus
864 1169 921 1229 pro
934 1170 991 1227 ea,

36 1263 89 1320 qna
100 1246 130 1304 in
145 1244 281 1305 Domino
295 1260 390 1302 nnum
411 1259 529 1317 sumus,
551 1242 721 1317 charitate,
736 1261 852 1321 proque
866 1263 903 1304 aa
918 1245 991 1317 fide,

38 1355 92 1412 qna
108 1336 139 1396 in
161 1354 260 1397 unum
281 1354 394 1414 corpus
414 1334 630 1410 coalescimus,
646 1353 685 1396 ne
699 1321 826 1398 cessetis
839 1338 994 1414 quotidia-

39 1431 82 1490 nis
99 1430 365 1491 obsecrationibns
380 1429 496 1490 vestris
510 1428 630 1490 instare
650 1427 775 1491 enixius
789 1432 868 1508 apud
881 1433 991 1504 Deum,

43 1529 76 1584 nt
92 1524 246 1584 confortet
266 1524 330 1584 Nos
352 1521 383 1580 in
405 1522 548 1599 potentia
569 1522 702 1582 virtutis
723 1540 815 1596 snae,
839 1523 994 1586 effundat·

50 1635 99 1692 que
115 1634 200 1694 snper
213 1616 281 1676 Nos
303 1614 452 1692 spiritum
466 1613 605 1688 consilii,
620 1615 767 1693 spiritum
781 1614 993 1691 fortitudinis,

49 1711 190 1785 quainter
206 1711 394 1782 tetrorum,
410 1725 446 1768 ac
462 1711 639 1787 temporum
654 1707 854 1770 difficultates
869 1711 902 1767 et
915 1725 993 1784 qnae

44 1806 147 1881 agenda
167 1805 257 1875 sint,
272 1802 452 1876 rideamus,
474 1804 509 1862 et
529 1803 566 1862 ad
588 1803 762 1880 implenda,
779 1820 857 1879 quae
880 1802 996 1862 videri-

41 1916 116 1972 mus,
138 1897 405 1958 convalescamns.
428 1897 527 1956 Orate
553 1897 655 1974 igitur
679 1895 711 1956 in
741 1897 875 1974 spiritu3
898 1899 932 1956 at
952 1895 996 1956 sit

42 1991 129 2050 oratio
149 1993 275 2061 vestra,
298 1992 332 2048 et
351 1988 510 2049 invocatio
531 2007 609 2067 erga
628 1992 691 2052 Nos
713 1991 849 2066 amoris,
872 1996 905 2051 et
927 1990 994 2052 ira-

43 2085 137 2144 ternae
170 2082 402 2143 coniunctionis
434 2083 578 2160 probatio
609 2083 797 2144 certissima.
827 2088 931 2162 Atque
959 2087 996 2144 ut

42 2177 217 2254 promptius,
235 2177 316 2252 quod
338 2175 435 2237 Nobis
457 2175 666 2236 necessarium
687 2180 754 2250 est,
777 2177 994 2255 impetremus,

41 2271 246 2332 sanctissimae
274 2269 331 2329 Dei
352 2267 525 2330 Geuitricis
546 2270 688 2344 Mariae,
709 2270 797 2330 cuius
822 2270 996 2349 patrocinio

40 2364 165 2424 maxime
187 2362 384 2436 confidimus,
408 2362 566 2438 totiusque
587 2362 732 2423 caelestis
754 2363 860 2423 curiae
881 2365 996 2424 marita

42 2457 244 2534 interponite3
266 2456 453 2532 praesertim
475 2472 552 2515 vero
574 2456 707 2517 tutelam
728 2456 836 2530 Nobis,
851 2461 885 2518 et
905 2475 997 2535 pras·

44 2550 144 2610 sidium
165 2549 335 2627 implorate
356 2547 530 2610 beatissimi
543 2547 633 2608 Petri
655 2550 804 2626 apostoli,
817 2552 910 2610 caios
919 2551 997 2611 Sodi

46 2660 99 2703 ooo
113 2653 182 2704 tam
196 2644 395 2720 praesidere,
411 2660 511 2720 qaam
525 2644 647 2702 sarcire
662 2643 849 2719 occidemus,
865 2661 997 2719 speran-

46 2744 82 2796 tes
99 2739 307 2798 arationibus
322 2739 424 2814 ipsias
444 2753 509 2796 esst
526 2737 775 2812 praestandam,
787 2744 826 2794 at
839 2735 923 2796 Deus
936 2739 998 2794 mi-

44 2833 290 2894 sericordiarum
316 2832 497 2890 ministerii
524 2828 636 2889 Nostri
666 2838 810 2906 tempora
837 2831 997 2906 tcaipaas

45 2936 184 3008 aspiciat,
195 2933 427 3010 Pastoremqac
438 2933 547 2989 oviam
558 2947 692 3015 sacrata
706 2931 866 2990 custodire
876 2947 999 3007 semper

45 3025 190 3102 dipaatar
210 3034 242 3086 ct
261 3041 393 3102 pascere
408 3023 464 3106 (2).

97 3120 159 3180 Iam
178 3137 256 3180 vero
278 3120 337 3178 hoc
359 3116 425 3196 ipso
446 3121 624 3194 assumptae
646 3135 665 3176 a
685 3117 782 3177 Nobis
807 3116 996 3194 apostolicae

47 3214 200 3274 servitutis
221 3212 334 3285 initio,
350 3214 467 3287 quanto
484 3228 646 3288 possumus
667 3213 816 3287 paternae
830 3211 997 3272 charitatis

48 3305 149 3380 studio,
164 3307 241 3378 Vos,
258 3303 457 3365 venerabiles
471 3305 615 3376 Fratres,
631 3302 803 3363 excitamus
818 3305 852 3364 et
865 3322 998 3364 commo·

100 3440 132 3493 (1)
148 3439 185 3485 1n.
204 3439 231 3485 8.
243 3439 296 3484 Leo
312 3449 387 3483 sarm.
400 3437 533 3484 v.a1.1v.
546 3411 601 3494 cap.
613 3435 647 3480 11.

100 3516 131 3571 ti)
147 3516 173 3563 S.
184 3518 237 3563 Insa
253 3511 317 3560 inid.
329 3525 384 3572 cap.
397 3514 431 3560 V.

838 3599 855 3632 ἱ
