2498 4200
59 335 116 389 cae,
128 335 218 394 quam
232 316 390 378 Ecclesiae
405 316 569 390 interesse,
584 319 621 375 ut
635 313 760 392 Religio
778 315 910 373 Petrum
925 329 1005 389 pura

60 415 89 470 et
105 411 288 474 intemerate
314 414 461 471 serretur
482 410 539 488 (l);
561 427 653 487 quam
680 408 805 486 quidem
831 407 1004 466 orationem

59 505 228 564 Rhcmensis
255 505 517 583 archiepiscopus
545 503 751 566 comitiorum
773 518 897 579 praeses
918 517 1004 568 com·

59 597 131 656 muni
144 599 269 658 nomine
282 599 407 676 dignam
422 617 488 659 esse
503 596 690 670 declaravit,
705 613 783 672 quae
797 592 923 656 eximiis
937 592 1004 653 lau·

59 691 134 752 dibus
154 696 323 755 ornaretur
337 693 395 771 (2).

106 785 184 846 Hinc
212 791 340 846 strenue
366 786 586 864 oppugnandos
614 783 750 862 suscepit
776 801 920 856 errores,
950 782 1004 860 qui

59 877 220 939 (talliarum
241 882 350 956 Regno
370 878 592 950 imminebant,
608 897 644 938 ac
659 879 758 956 primo
779 876 887 937 invehi
902 875 1006 953 coepit

58 971 83 1028 in
96 971 205 1048 impios
217 971 331 1046 libros,
347 991 403 1050 per
424 992 501 1050 quos
520 973 694 1051 Religionis
714 971 917 1032 fundamenta
931 989 1006 1029 con-

58 1065 227 1138 velluntur,
254 1083 309 1124 nec
337 1067 438 1125 minor
464 1066 642 1140 Ecclesiae,
671 1084 763 1144 quam
792 1063 935 1140 Imperiis
958 1063 1007 1122 in-

57 1153 147 1217 iertur
168 1157 322 1235 pernicies
336 1159 394 1237 (3);
409 1162 544 1237 adeoque
566 1166 676 1221 auctor
697 1160 778 1232 fuit,
794 1163 830 1219 ut
850 1157 925 1217 libri
946 1157 1005 1216 hu-

58 1249 96 1310 ius
121 1252 246 1329 generis
274 1271 397 1324 omnes,
412 1260 506 1332 atque
528 1255 551 1313 ii
580 1254 746 1332 praecipue
773 1271 843 1314 cum
871 1249 1007 1328 plurima

58 1345 256 1406 detestatione
277 1348 521 1422 damnarentur,
544 1350 597 1425 qui
618 1353 739 1409 ceteros
760 1347 924 1425 impietate
950 1363 1008 1406 an·

58 1438 251 1511 tecellerent,
266 1448 507 1502 commemorato
529 1441 685 1518 imprimis
700 1459 793 1519 opere
807 1442 854 1501 Dc
868 1438 1007 1500 Contra-

59 1539 101 1592 aa
119 1531 243 1593 Sociali
256 1533 312 1610 (4).
329 1535 449 1594 Auctor
471 1534 546 1595 item
568 1535 642 1606 fuit,
658 1539 695 1594 ut
709 1534 827 1612 scripto
842 1534 874 1593 in
892 1533 1007 1609 vulgus

61 1622 130 1681 edito
151 1623 356 1683 edocerentur
378 1624 496 1700 populi,
518 1629 594 1701 quot
619 1624 777 1700 pericula,
799 1626 876 1700 quot
896 1623 1009 1682 damna

60 1715 265 1791 excogitandi
285 1716 435 1776 libertate
457 1723 621 1777 manarent
635 1718 692 1795 (5),
709 1723 804 1794 utque
826 1714 1010 1790 confugere·

61 1811 103 1868 tur
121 1811 159 1870 ad
181 1814 301 1887 Regem
322 1816 389 1871 tum
410 1813 597 1892 Religionis,
618 1819 683 1873 tum
707 1831 763 1873 sue
783 1810 881 1888 ipsius
902 1824 1007 1880 causa,

60 1921 107 1978 quo
126 1903 153 1963 is
175 1906 251 1964 adeo
271 1905 453 1966 effrenatam
475 1907 636 1967 licentiam
659 1905 868 1983 compesceret
882 1899 938 1980 (6).

108 1997 246 2057 Subinde
267 2016 326 2058 nou
351 2001 465 2059 minori
487 2002 599 2060 ardore
620 2001 767 2077 loquutus
787 2000 836 2058 est
857 1995 1008 2055 adversus

60 2091 337 2167 Purlamentorum,
351 2095 561 2171 laicorumque
576 2094 782 2154 tribunalium
794 2093 935 2160 conatus,
949 2085 1008 2144 ob-

65 2187 185 2247 testatus
213 2187 352 2261 scilicet,
367 2205 434 2248 aoa
459 2206 547 2264 posse
574 2205 606 2248 se
634 2190 859 2258 dissimulare,
882 2199 966 2262 qaae
988 2202 1010 2243 a

60 2278 272 2340 Partameatis
283 2285 556 2358 proponebantur,
572 2299 611 2343 ea
630 2285 732 2342 multo
752 2282 932 2359 graviores,
956 2285 1009 2336 at·

60 2389 112 2448 qac
142 2377 315 2434 atrociores
346 2392 520 2436 aeramnae
544 2377 764 2452 importatum
795 2375 851 2453 (7).
878 2371 1010 2436 Addidit

61 2470 217 2539 praeterea
230 2468 501 2530 Parlamenuorum
516 2469 646 2528 consilia
659 2488 694 2528 eo
706 2472 858 2546 spectare,
872 2471 908 2525 ut
921 2482 1011 2524 omne

61 2559 342 2622 Ecclesiasticorum
356 2563 441 2622 inter
452 2581 484 2622 se
498 2565 738 2639 abrumperetur
752 2561 924 2633 vinculum,
940 2575 1011 2635 pro·

61 2653 152 2716 hibita
172 2657 332 2734 Episcopis
351 2676 540 2734 quacumque
561 2675 631 2716 cum
644 2658 714 2716 Iesu
728 2654 848 2718 Christi
863 2651 1007 2725 Vicario,

115 2913 149 2966 (1)
167 2911 215 2959 ott.
228 2909 321 2957 Procts
340 2911 434 2960 Verbal
455 2908 550 2958 Stenae
569 2911 617 2955 ΠΙ.
628 2920 686 2966 pag.
697 2909 737 2955 21.
750 2905 773 2968 ς.
786 2903 873 2968 apres
890 2910 955 2954 cette
967 2902 1013 2953 06·

62 2983 177 3034 rimoaa'c.

117 3066 151 3119 (2)
169 3062 264 3110 Stance
285 3066 315 3108 V.
327 3074 385 3120 pag.
398 3062 436 3110 66.
449 3060 473 3124 §.
486 3059 687 3120 Mometqaear.

115 3141 149 3195 (6)
166 3139 262 3188 stanes
270 3142 323 3187 XX·
334 3151 392 3198 pag.
403 3140 443 3186 67.
454 3142 481 3187 st
500 3141 539 3187 68.
550 3139 625 3186 artic.
637 3140 661 3185 1.
671 3137 695 3200 §.
708 3133 783 3186 Noae
802 3146 979 3193 commcapom
988 3134 1014 3180 et

62 3211 80 3274 §.
91 3213 158 3262 licis
170 3229 219 3262 ces.

117 3296 150 3348 (4)
168 3294 217 3341 cut.
228 3305 285 3351 pag.
298 3295 337 3341 68.
349 3291 371 3355 §.
387 3289 423 3340 Oc
432 3297 501 3340 seat.

116 3372 151 3425 (6)
169 3372 230 3426 Peg.
242 3370 282 3416 69.
293 3367 316 3431 §.
330 3366 361 3416 Si
370 3381 445 3416 eoas.
544 3355 546 3359 ⁸

119 3450 152 3502 (6)
170 3450 231 3505 Peg.
244 3449 283 3494 70.
294 3446 317 3506 §.
329 3443 360 3492 sc·
369 3457 443 3492 oeae.

79 3513 81 3516 ’
118 3525 151 3577 (t)
170 3524 218 3571 cit.
229 3521 330 3579 Procts,
348 3522 422 3570 artic.
434 3523 457 3569 6.
469 3534 527 3580 pag.
541 3522 570 3570 tr
591 3523 618 3567 et
627 3524 665 3570 72.
679 3521 702 3582 t.
714 3520 764 3570 Les
781 3520 914 3570 atteiatca
