2386 4194
643 253 762 314 -148
788 287 825 300 -

310 365 367 424 His
388 361 537 440 peractis,
555 379 634 438 quae
655 359 793 438 supremi
812 359 981 438 pastoralis
995 358 1084 420 officii
1096 357 1181 418 Nostri

248 458 331 519 ratio
352 455 543 534 postulabat,
565 457 784 516 resumendum
805 473 862 533 per
884 472 939 515 nos
960 452 1183 530 luitresponsio-

250 550 298 612 nis
318 567 406 628 opus,
420 551 499 628 qnod
520 549 583 610 iam
605 550 794 611 laboriosius
808 567 844 611 ac
859 548 1041 610 diuturnius
1055 549 1181 618 eruerat,

248 649 378 722 propter
388 641 592 720 multiplices,
606 663 685 722 quae
700 662 733 704 se
743 646 853 704 mutuo
864 643 995 703 subinde
1010 641 1181 717 exceperant,

252 737 422 798 novitates:
445 736 602 814 illudque,
623 739 686 798 Deo
706 738 888 810 adiuncta,
903 736 1069 796 absolvere
1089 734 1129 792 ita
1146 747 1183 788 vo·

250 830 387 903 luimus,
410 836 447 889 nt
467 830 609 890 omnibus
636 830 783 892 articulis
810 831 847 893 ad
870 847 1001 890 examen
1030 825 1180 896 revocatio,

251 925 405 984 neminem
425 941 553 1002 prorsus
572 924 702 998 intonet,
718 943 831 987 noram
846 923 933 986 (lieri
947 920 1182 984 Constitutionen

251 1034 290 1077 ex
310 1018 449 1090 Nostro,
471 1020 505 1078 et
524 1017 723 1094 Apostolicae
744 1017 837 1078 hnius
859 1017 948 1078 Sedis
969 1016 1105 1087 indicio,
1126 1011 1180 1090 qnod

251 1109 405 1171 Gallicani
420 1110 563 1188 Episcopi
577 1129 596 1172 a
608 1110 706 1173 Nobis
726 1109 962 1188 exquisierant,
978 1109 1117 1186 quodque
1133 1103 1180 1164 (loi-

250 1204 365 1266 liarum
385 1203 540 1266 catholini
561 1206 780 1282 peroptabant,
800 1221 841 1264 ex
862 1203 1029 1281 principiis
1043 1201 1179 1262 coalescere

251 1299 290 1359 ab
310 1298 433 1362 haeresi
447 1298 609 1376 proiectis,
624 1299 762 1375 adeoque
776 1298 808 1356 in
823 1297 968 1375 pluribus
980 1295 1122 1358 Decretis
1133 1295 1178 1352 bu·

252 1391 384 1451 reticam
406 1409 491 1464 esse,
514 1395 548 1451 et
568 1389 724 1450 catholico
745 1389 894 1467 Dogmati
916 1384 1172 1456 adversantom,1'n

252 1484 326 1546 aliis
355 1501 431 1544 vero
452 1484 655 1563 sacrilegam,
678 1482 932 1557 schismaticam,
956 1483 1031 1544 iura
1058 1482 1173 1543 Primrtu

250 1582 284 1639 et
302 1577 460 1638 Ecclesiae
480 1581 690 1651 evertentem,
708 1577 899 1655 Disciplinae
921 1595 990 1636 cnm
1014 1576 1176 1647 veterius

251 1689 350 1732 novae
370 1671 584 1746 contrariam,
606 1689 667 1731 non
690 1672 754 1732 alio
777 1672 908 1748 deniqne
929 1671 1064 1732 consilio
1086 1663 1178 1742 excogi-

251 1769 350 1827 tatam
371 1769 466 1842 atque
487 1765 662 1843 vulgatam,
679 1765 739 1826 nisi
760 1766 798 1826 ad
815 1765 1006 1826 catholicam
1020 1762 1177 1841 Religiouou

250 1875 380 1935 prorsus
400 1857 596 1920 abolendam.
619 1860 667 1919 Ad
688 1859 768 1918 hanc
789 1859 873 1919 enim
893 1875 985 1918 anam
1009 1854 1178 1935 profitenda

250 1950 382 2012 libertas
403 1949 504 2010 omnis
524 1950 687 2024 adimitur,
710 1950 847 2028 legitimi
869 1953 1020 2012 Pastores
1035 1947 1183 2012 submoror'

251 2045 317 2116 tnr,
339 2042 421 2103 bona
440 2047 643 2121 occupantur,
666 2046 738 2105 dum
761 2043 956 2121 reliquarum
978 2049 1130 2106 sectarum
1147 2040 1178 2096 ht*

251 2135 351 2196 mines
372 2137 403 2196 in
425 2155 482 2198 sna
502 2137 669 2212 libertate,
690 2138 904 2216 bonorumque
924 2139 1119 2214 possessione
1135 2147 1177 2191 cor

250 2229 425 2307 quiescunt.
440 2229 588 2297 Quamvis
609 2231 685 2292 haec
706 2232 811 2291 omnia
828 2230 1010 2292 luculenter
1025 2231 1175 2294 demonstra

250 2321 365 2396 rimus,
384 2339 404 2382 a
423 2324 670 2384 mansuetudinis
691 2328 796 2385 tcum
812 2324 865 2386 via
886 2324 1018 2384 minime
1033 2311 1182 2386 recedenter

251 2414 492 2490 declaravimus,
513 2417 577 2479 Nos
597 2418 748 2478 hacteuus
769 2418 980 2492 continuisse,
1005 2437 1045 2478 na
1066 2415 1176 2478 abscisso

250 2509 290 2570 ab
309 2509 449 2570 Ecclesia
469 2509 625 2571 catholica
644 2516 788 2573 auctores
809 2512 890 2572 male
911 2511 1072 2574 ominatae
1092 2501 1177 2570 Consi·

251 2602 387 2664 tutionis
413 2601 525 2663 civilis
552 2603 638 2664 Cleri
665 2603 919 2677 declararemns,
949 2605 1004 2664 sed
1037 2622 1096 2666 nna
1117 2589 1178 2660 sinti

250 2696 329 2757 illud
351 2700 495 2772 repetere
516 2695 689 2769 debuimus,
704 2697 799 2773 quod,
817 2696 878 2756 nisi
899 2696 1031 2774 quisque
1047 2701 1177 2760 errorosl

250 2788 349 2852 Nobis
371 2776 441 2849 iam‘
453 2787 637 2866 patefactos,
653 2790 831 2851 detestetur
852 2789 1119 2868 (quemadmodum
1131 2788 1180 2852 horti

250 2883 283 2944 S.
299 2883 393 2944 Sedes
411 2883 444 2942 in
466 2882 642 2944 huiusmodi
662 2882 782 2944 casibus
811 2900 961 2961 peragere
991 2900 1112 2962 semper
1132 2892 1176 2938 cor

251 2975 380 3054 enavit),
402 2987 588 3054 cogeremur
607 2975 706 3042 iuviti
726 2994 777 3037 eos
799 2993 905 3040 omnes
925 2978 1132 3040 schismaticos
1146 2973 1176 3030 do·

251 3067 395 3142 clarore,
420 3069 475 3146 qui
495 3069 547 3130 vel
567 3073 672 3132 essent
693 3069 823 3132 huiusce
844 3071 1087 3134 constitutionis
1106 3068 1179 3132 anob

248 3178 323 3236 res,
349 3163 401 3222 vel
425 3164 525 3224 eidem
549 3164 725 3226 iuramento
747 3165 978 3240 adhaererent,
993 3167 1051 3243 qui
1069 3167 1174 3226 innovo

250 3255 400 3316 Pastores
421 3255 688 3333 praeficerentur,
711 3257 764 3335 qni
785 3258 906 3322 electos
924 3259 1144 3326 consecrarent,
1157 3249 1175 3306 tl

249 3347 303 3425 qui
324 3348 449 3408 abillis
470 3354 738 3412 consecrarentur.
763 3350 816 3411 Illi
837 3351 941 3426 enim,
956 3351 1134 3429 quicumque
1148 3357 1178 3400 oto

251 3442 342 3514 sent,
372 3440 518 3519 legitima
546 3441 716 3513 missione,
747 3444 780 3502 et
809 3443 966 3504 Ecclesiae
997 3438 1175 3505 communion

250 3539 405 3595 carerent.
