2514 4198
452 232 490 245 ..
512 199 553 262 79
573 229 611 243 .-

35 327 85 369 ues
107 307 152 370 ab
175 306 250 384 ipsa
272 305 463 384 reprobatus
476 321 608 382 sequeus
622 303 719 364 etiam
732 304 774 366 N.
789 305 821 364 6.
839 303 1016 381 reperitur:

32 410 108 468 ‹Le
130 406 256 466 second
278 402 370 482 point
391 404 428 462 de
452 403 486 484 la
504 401 653 480 Religion
674 405 725 462 est
745 421 783 462 eu
805 403 837 463 le
859 401 960 480 police
984 407 1019 464 et

33 500 243 578 »discipline
265 497 473 570 sacerdotale,
497 514 551 557 sur
571 497 677 574 laquel
697 497 745 564 les
765 495 841 557 Rois
872 500 907 557 et
921 495 1019 558 Prin-

35 613 115 654 ›ces
139 592 321 655 Chretieus
341 594 397 652 out
420 591 588 669 puissauce
610 590 731 652 d’icelle
752 591 887 665 dresser,
902 593 1019 652 mettre

34 707 102 748 »eu
125 687 249 760 ordre,
274 687 309 745 et
329 684 489 745 reformor
510 683 603 745 icelle
624 701 808 761 corrompue
823 701 842 744 >
855 683 912 763 (1).
935 685 1019 746 Haec
1051 702 1054 708 ·

35 780 218 860 propositio
240 781 292 840 est
311 779 409 852 false,
431 779 646 851 schismatica,
672 779 839 856 potestatis
862 779 1020 840 Ecclesia·
1141 799 1142 804 ¹

39 876 133 936 eticae
150 872 363 946 enervatius,
379 876 413 932 et
427 873 600 946 haeretica,
612 876 646 933 et
659 873 861 952 probationes
876 874 913 934 ad
929 870 1019 933 illem

42 975 107 1029 suut
128 964 387 1044 impertinentes
401 963 465 1045 (2).
482 967 658 1026 Praeterea
678 967 803 1025 certum
825 965 949 1024 omuino
970 967 1020 1024 cst

44 1061 250 1140 disciplinam
272 1076 331 1117 nou
353 1077 439 1136 posse
463 1061 583 1120 temere
598 1064 631 1119 et
646 1076 701 1135 pro
729 1057 863 1118 arbitrio
884 1059 1018 1132 variari3

42 1156 198 1234 siqnidem
224 1153 285 1211 duo
301 1152 405 1229 prima
419 1152 595 1214 catholicae
609 1150 766 1214 Ecclesiae
780 1152 901 1212 lumina
913 1153 947 1212 S.
956 1155 1021 1212 Au·

41 1250 187 1327 gustiuus
203 1245 274 1325 (3),
295 1247 328 1305 et
349 1246 382 1306 S.
401 1247 539 1307 Thomas
559 1245 699 1323 Aquinas
715 1244 759 1323 (4)
782 1245 943 1324 perspicue
964 1247 1020 1305 do-

43 1347 110 1404 cent
131 1341 293 1403 materias
307 1341 346 1401 ad
362 1338 563 1417 disciplinam
576 1342 756 1416 spectantes
770 1339 942 1401 variandas.
959 1357 1019 1398 uon

45 1455 117 1511 esse,
134 1435 203 1496 uisi
227 1451 270 1494 ex
292 1433 497 1508 necessitate,
511 1433 563 1493 vel
577 1449 691 1511 magua
705 1432 859 1507 utilitate,
874 1432 1020 1510 quoniam

48 1530 177 1590 mutatio
203 1525 471 1600 consuetudinis,
493 1526 589 1586 etiam
609 1544 688 1604 quae
710 1524 840 1586 adiuvat
862 1525 1020 1602 utilitate,

54 1623 186 1683 norihte
212 1617 403 1698 perturbet:
435 1621 468 1679 et
495 1637 556 1678 nou
583 1619 699 1680 debent
726 1619 845 1680 mutari
872 1618 1021 1697 (subiicit

51 1714 113 1792 ipsc
130 1717 162 1776 S.
176 1711 340 1789 Thomas)
362 1712 456 1774 «nisi
477 1730 517 1772 ex
539 1712 604 1772 alia
624 1716 714 1790 perte
746 1715 875 1773 tentum
904 1730 1022 1774 recom-

50 1815 232 1888 ›peusetur
253 1806 408 1866 communi
423 1806 534 1880 saluti,
549 1812 701 1885 quantum
724 1824 764 1866 ex
785 1807 850 1868 ists
865 1812 955 1885 parte
970 1809 1021 1867 de·

48 1906 228 1980 »rogatum
243 1917 264 1960 o
285 1898 417 1962 Romani
439 1899 608 1962 Pontifices
629 1903 756 1963 tantum
783 1901 890 1976 abest,
914 1905 950 1962 ut
971 1901 1021 1960 di·

51 1997 212 2074 sciplinam
236 2011 382 2070 umquam
404 2000 665 2072 corrumperent,
689 1999 725 2056 ut
746 1997 874 2058 eandem
895 2013 935 2056 ex
956 1995 1022 2056 col-

53 2089 113 2150 latu
130 2089 194 2150 sibi
210 2105 231 2146 a
244 2089 307 2147 Deo
322 2087 514 2146 auctoritate
534 2087 566 2146 iu
584 2087 835 2149 aedificationem
850 2088 1019 2161 Ecclesiae,

53 2183 215 2244 meliorem
227 2179 466 2256 suavioremque
479 2197 601 2257 semper
614 2181 795 2255 redderent,
807 2187 1018 2260 contraquam

51 2277 87 2335 ab
105 2275 202 2336 istius
224 2274 406 2334 Conventus
428 2272 576 2334 membris
593 2273 745 2351 effectum
767 2293 833 2336 esse
855 2277 1019 2350 dolemus,

53 2371 85 2428 ut
102 2386 145 2429 ex
163 2365 302 2443 siugulis
323 2381 428 2425 eorum
440 2367 645 2426 Decretorum
658 2368 814 2448 articulis,
827 2388 897 2429 cum
912 2371 1021 2431 Eccle-

52 2463 110 2524 siae
123 2459 296 2537 discipline
310 2457 511 2535 comparatis,
527 2458 620 2520 facile
635 2461 890 2537 deprehenditur.
907 2522 910 2537 ,

106 2555 169 2616 Sed
193 2552 377 2629 priusquam
399 2551 552 2611 articulos
574 2552 666 2613 hosce
694 2554 908 2632 attingamus,
932 2547 1023 2632 prae·

56 2647 242 2707 mittendum
257 2643 420 2716 ducimus,
436 2644 587 2720 quantum
611 2663 701 2722 saepe
723 2645 890 2723 disciplina
909 2647 1021 2706 cohae·
1127 2663 1128 2668 ¹

55 2743 133 2820 reat⁸
148 2735 314 2815 dogmati,
345 2737 379 2795 et
411 2738 450 2797 ad
480 2735 548 2796 eius
574 2737 725 2815 puritatis
750 2738 1021 2800 conservationem

54 2831 183 2904 induat,
207 2847 347 2898 necnon
368 2848 460 2907 quam
481 2847 592 2907 parum
615 2830 769 2892 utilitatis
790 2831 971 2904 attulerint,
988 2837 1022 2892 et

114 2961 150 3017 (1)
169 2978 182 3000 u
195 2955 343 3006 Secundum
361 2959 485 3016 punctum
502 2959 643 3019 Religionis
659 2961 699 3008 est
708 2959 737 3007 iu
745 2959 837 3019 politis
845 2961 871 3007 et
880 2959 1022 3019 nnsiplius

59 3051 70 3072 ι
84 3033 246 3091 commutati,
256 3032 348 3092 inquo
365 3036 449 3094 Reges
464 3036 490 3082 et
507 3035 638 3095 Principes
648 3035 789 3085 Christiani
803 3035 899 3085 habent
913 3036 1023 3096 potesta·

60 3128 71 3150 n
84 3110 133 3156 tem
148 3109 223 3156 illam
240 3107 378 3165 statuendi,
397 3108 660 3171 ordinantiumque
680 3113 825 3173 corruptam
840 3112 1022 3162 reimundi.»

114 3186 149 3241 (t)
160 3183 423 3306 Gurolfigl'drgeutrd,
441 3185 530 3234 colico.
552 3185 642 3236 indict.
659 3187 720 3235 tcm.
739 3189 774 3245 ΙΙ,
797 3187 836 3235 ed.
854 3189 937 3237 Paris.
948 3191 1020 3239 1⁷20.

60 3261 251 3394 miiimiipist.
262 3291 331 3382 mv.
343 3333 376 3382 sd
387 3336 537 3386 inuectum
548 3338 637 3396 conv,
648 3303 709 3384 tom.
718 3338 752 3393 ΙΙ,
762 3347 829 3398 oper.
842 3337 903 3387 edit.
911 3339 1020 3396 linurin.

62 3417 113 3468 its·
125 3409 181 3458 lit.

118 3487 152 3544 (4)
169 3489 192 3534 1.
203 3487 228 3534 t.
241 3497 286 3545 qu.
297 3486 337 3534 tt.
350 3487 399 3535 ert.
413 3489 429 3536 u
