2456 4192
47 308 252 368 Ecclesiarum
273 307 434 384 praesides
454 305 613 377 erudiens,
635 305 816 383 inquiebat:
838 305 941 382 Saepe
955 322 1007 365 re-

48 410 139 461 ctores
161 400 340 477 improvidi
361 400 541 458 humanam
555 400 706 460 amittere
727 402 872 474 qratiam
893 401 1008 476 formi-

49 496 164 566 dantes,
190 495 281 570 loqui
304 493 401 553 libere
425 500 516 552 recta
533 493 779 568 pertimescunt,
796 502 828 554 et
843 495 942 552 iumta
956 507 1008 552 ae·

50 591 152 648 ritatis
171 603 293 658 uocem
311 603 520 664 nequaquam
543 589 612 646 iam
634 591 743 665 gregis
764 589 929 648 custodiae
945 587 1007 647 Pa·

54 691 160 741 storum
182 681 312 751 studio,
335 682 389 740 sed
410 682 690 742 Mercenariorum
711 684 781 742 uice
802 683 1007 742 deserviunt:

56 778 119 851 quia
139 776 295 834 ueniente
317 775 391 849 lupo
404 776 553 851 sapiunt,
574 775 651 833 dum
666 791 698 835 se
713 777 769 834 sul
790 777 922 836 silentio
937 777 1008 834 ads-

55 869 205 927 cendunt.
222 910 230 927 .
247 867 402 925 .Pastori
414 868 502 926 enim
520 877 610 927 recta
628 871 775 928 timuisse
797 871 913 941 dicere,
926 869 1008 945 qaid

53 971 89 1021 est
109 961 221 1032 aliud,
247 976 348 1036 quam
368 959 505 1020 tacendo
527 968 622 1037 terga
642 962 852 1036 praebuisset
873 963 957 1028 Quod
982 962 1007 1022 si

53 1057 249 1133 nequissimus
270 1053 400 1113 humani
423 1053 548 1131 generis
570 1054 680 1127 hostis,
695 1073 755 1132 qno
777 1056 940 1116 conatibus
954 1073 1009 1116 ve·

53 1148 118 1206 stris
137 1149 244 1209 acrius
265 1147 412 1218 obsistat,
436 1146 515 1205 illud
538 1146 706 1223 aliqnando
727 1147 852 1220 efficiet,
870 1153 907 1208 nt
927 1149 1010 1208 reli-

53 1239 135 1317 giosis
158 1239 276 1300 saeculi
307 1239 520 1317 potestatibus
550 1230 738 1304 abscondita¹
762 1243 804 1304 sit
833 1242 1009 1321 grassantis

55 1335 143 1392 morbi
165 1332 374 1411 pestilentia,
398 1351 436 1392 ne
463 1349 578 1409 quaeso
605 1334 780 1396 concidatis
802 1335 930 1408 animo,
957 1337 1009 1396 sed

57 1427 200 1487 ambulate
222 1427 256 1488 in
279 1429 370 1487 domo
390 1426 447 1488 Dei
468 1445 539 1487 eum
561 1445 736 1503 consensu,
758 1447 827 1489 cum
855 1429 1008 1501 oratione,

58 1525 85 1579 et
101 1520 249 1594 veritate,
265 1539 344 1598 quae
366 1525 441 1581 sunt
462 1538 551 1581 arma
565 1521 701 1583 militiae
716 1525 854 1583 nostrae.
871 1525 1010 1584 Memen-

64 1616 135 1686 tote,
157 1616 242 1690 quod
264 1613 477 1674 contaminato
502 1614 595 1674 Iudae
618 1615 755 1692 populo,
779 1614 824 1674 nil
854 1618 891 1675 ad
921 1615 1009 1676 illius

65 1707 263 1784 purgationem
288 1708 393 1785 aptius
415 1708 517 1768 visum
540 1714 612 1780 est,
635 1726 733 1784 quam,
749 1713 785 1768 ut
807 1708 889 1767 iiber
909 1709 1009 1786 legis,

61 1817 134 1874 quem
153 1799 249 1879 paulo
275 1803 349 1861 ante
378 1801 546 1861 invenerat
566 1801 692 1861 Helcies
713 1800 856 1878 pontifex
878 1801 909 1860 in
934 1807 1010 1860 tem·

59 1894 103 1969 plo
114 1893 251 1967 Domini,
267 1895 390 1954 cunctis
411 1912 542 1971 aparvo
557 1895 595 1954 ad
611 1895 781 1954 maximum
797 1893 1008 1968 audientibus,

59 1989 326 2065 promulgaretnr3
357 1989 390 2045 et
415 1985 523 2046 statim
553 1985 766 2046 consentiente
789 1986 936 2046 universo
958 2005 1012 2064 po-

59 2083 137 2156 pulo,
159 2081 446 2142 abominationibus
469 2081 663 2151 destructis,
686 2081 799 2158 foedus
824 2097 1011 2158 percussum

58 2193 152 2236 coram
172 2176 313 2237 Domino
335 2183 400 2244 est,
427 2183 465 2234 ut
490 2176 697 2235 ambularent
718 2183 791 2251 post
813 2175 1008 2248 Dominum,

57 2277 83 2328 et
101 2271 299 2331 custodirent
318 2276 491 2344 praecepta
512 2270 581 2327 eius
602 2276 633 2328 et
655 2269 863 2341 testimonia,
888 2276 920 2329 et
941 2286 1012 2329 cae-

57 2367 208 2424 remonias
231 2367 270 2423 ia
290 2364 380 2422 amai
394 2362 504 2432 corde,
529 2369 560 2421 et
581 2363 618 2419 in
639 2369 707 2421 tota
729 2364 846 2422 aalma
860 2362 916 2440 (1).
942 2363 1012 2423 Nou

57 2455 192 2516 dissimili
213 2455 338 2517 ratione
360 2456 539 2515 sacerdotes
561 2459 595 2514 et
615 2453 730 2515 levitas
751 2455 839 2514 misit
853 2456 1009 2532 iosaphat,

58 2551 101 2624 qui
120 2551 271 2611 hebentes
293 2549 410 2609 librum
432 2549 512 2625 legis
533 2548 740 2609 circumirent
761 2547 910 2609 civitates
924 2551 1011 2621 Inda,

62 2647 139 2720 aque
151 2643 318 2702 erudirent
332 2642 480 2719 populum
497 2640 553 2720 (2).
567 2643 701 2701 Vestrae
716 2642 801 2714 fidei,
816 2643 1013 2701 venerabiles

60 2735 198 2808 Fratres,
223 2735 325 2796 divini
349 2735 438 2795 verbi
461 2735 673 2812 promulgatio
696 2753 756 2794 non
778 2736 936 2807 hnmana,
959 2737 1010 2794 sed

60 2828 154 2891 divina
175 2833 226 2890 est
246 2830 440 2890 auctoritate
462 2829 635 2892 commissa.
652 2830 849 2906 Congregate
871 2845 945 2905 ergo
960 2845 1014 2905 po-

61 2923 177 2997 pulum,
200 2923 429 2984 annunciantes
457 2921 506 2982 illi
535 2922 603 2982 Iesu
631 2922 752 2982 Christi
781 2921 1011 2999 Evangelium3

63 3019 178 3092 atquae
201 3015 310 3076 divino
331 3015 388 3075 illo
410 3033 536 3092 penn‚e
558 3015 685 3076 caelesti
706 3015 765 3075 illa
786 3015 932 3076 doctrina
946 3032 1014 3074 suc·

63 3124 121 3168 oum
139 3128 234 3170 verae
262 3108 479 3187 philosophiae
505 3109 537 3167 in
561 3114 702 3169 vestrum
729 3108 859 3186 quisque
886 3126 1012 3187 gregem

65 3201 204 3263 derivate.
228 3202 365 3264 Suadete
388 3202 523 3262 subditis
547 3203 733 3262 servandam
757 3219 822 3262 esse
844 3203 957 3275 fidem,
981 3205 1014 3261 et

66 3295 257 3356 exhibendum
279 3295 459 3372 obsequium
480 3294 557 3369 iliis,
573 3295 625 3372 qni
640 3295 697 3355 Dei
712 3294 910 3358 ordinatione
925 3311 1015 3372 pree·

120 3429 151 3482 (1)
167 3428 211 3474 1v.
223 3430 285 3484 Reg.
297 3425 523 3472 xx11.etxxm.

121 3503 152 3556 (t)
167 3503 200 3548 ΙΙ.
218 3500 372 3559 Paralipom.
383 3501 466 3547 xvn.
479 3501 501 3546 t.
514 3501 601 3556 etseq
