2374 4196
589 225 628 238 -
649 193 768 256 456-

299 300 450 364 Gondolet
470 300 506 358 de
528 301 701 362 catholicae
715 299 872 362 Ecclesiae
887 300 1082 377 deplorando

298 395 330 455 in
352 392 466 455 Galliis
487 396 585 454 statu.
609 396 718 454 Monet
738 394 811 471 quid
839 395 992 472 agendum
1019 412 1080 470 pro

298 486 504 565 Regularium
517 487 681 565 utriusque
693 477 785 546 sexus
800 486 937 547 transitu
956 488 993 547 ad
1010 505 1081 547 sae-

298 581 435 640 cularem
452 581 568 640 statum
573 621 955 640 ........
997 598 1077 657 pop.
1102 577 1157 639 370

200 674 279 738 1790
299 675 338 736 23
366 671 509 733 Octobris
528 703 545 718 -
566 672 767 749 Accepimus.
796 674 951 733 Alolsiae
989 677 1079 733 Ade-

296 769 384 830 laldi
404 767 612 827 Abbatissse
631 768 812 827 Ecclesiae
833 769 868 826 s.
890 769 988 828 Petri
1014 771 1079 827 Ro·

295 867 511 927 maticensis.
532 866 734 926 commendat
754 883 822 926 eam
842 865 970 942 eiusque
986 864 1080 941 Capi·
1143 881 1146 886 ·

297 959 399 1022 tulum
421 959 459 1018 ob
480 959 725 1035 protestationes
750 959 879 1020 emissas
897 962 1010 1018 contra
1024 960 1079 1018 de-

296 1055 385 1114 creta
411 1053 589 1114 Conventus
612 1051 791 1113 Nationalis
819 1052 933 1113 Gallici
958 1051 1081 1129 pluries

295 1147 364 1208 lata
383 1145 620 1206 inuniversum
641 1146 761 1206 clerum
791 1189 1016 1206 .....
1061 1143 1151 1205 »371
1184 1171 1185 1184 ¹

199 1243 274 1306 1791
295 1242 336 1306 26
356 1240 494 1301 Ianuarii
507 1273 524 1286 -
539 1240 630 1306 Quod
644 1242 715 1300 titi.
732 1241 855 1300 Eidem
867 1242 1080 1301 Abbatissae

295 1338 329 1394 S.
351 1336 457 1394 Petri.
485 1335 609 1394 Laudat
636 1333 674 1393 ob
702 1337 870 1394 renovatas
898 1333 1078 1410 praedictas

294 1429 557 1510 protestationes,
580 1433 614 1489 et
634 1430 671 1489 ob
697 1429 906 1490 constantiam
935 1428 968 1486 in
997 1428 1079 1488 reti·

294 1526 394 1584 nendo
416 1522 497 1583 sacri
519 1521 661 1582 instituti
678 1521 782 1581 studio
786 1565 1010 1582 .....
1054 1520 1150 1581 »372

234 1638 253 1680 a
295 1620 331 1680 ll
354 1617 560 1679 Decembris·
574 1617 775 1693 Rescriptum
797 1616 831 1675 S.
855 1618 888 1677 C.
913 1619 951 1677 de
976 1617 1072 1692 Prop.

294 1713 384 1784 Fide,
400 1729 461 1788 quo
475 1709 658 1787 opportunis
673 1708 878 1769 facultatibus
891 1707 1074 1768 consulitur

293 1809 472 1867 Fratribus
501 1803 706 1880 capuoclnis
734 1807 922 1862 conventus
954 1805 1073 1862 Burdi-

293 1900 444 1970 galensls
462 1916 482 1956 a
499 1896 587 1956 civili
599 1896 793 1956 auctoritate
806 1895 957 1972 expulsis.
1004 1940 1011 1954 .
1055 1912 1072 1955 a
1091 1895 1148 1955 374

195 1993 273 2056 1792
295 1994 332 2054 19
352 1993 426 2053 Iulii
441 2024 456 2037 -
468 1990 669 2067 Rescriptum
683 1989 821 2049 eiusdem
834 1991 866 2048 S.
880 1991 914 2050 0.
928 1991 966 2049 de
978 1991 1072 2067 Prop.

292 2086 382 2158 Fide,
402 2085 533 2146 Nuntio
553 2085 754 2154 Apostolioo
777 2088 870 2155 apud
882 2086 1071 2155 Helvetios,

291 2180 340 2239 cui
363 2181 501 2256 potestas
524 2177 700 2249 tribuitur,
721 2177 906 2255 indulgendi
934 2183 971 2239 ut
998 2196 1074 2255 pre-

292 2276 414 2354 sbyteri
436 2275 553 2335 subditi
574 2277 671 2352 Regis
692 2275 955 2336 christianissimi
970 2276 1002 2334 in
1019 2295 1076 2336 ea-

291 2371 359 2430 dem
371 2371 400 2430 N
404 2369 569 2428 ontiatura
580 2374 808 2430 commorantes
818 2371 953 2448 possint,
962 2369 988 2429 si
997 2388 1074 2449 opus

290 2461 345 2534 sit,
368 2462 528 2522 celebrare
556 2461 589 2520 in
619 2462 759 2522 domibus
787 2465 943 2542 privatis,
973 2465 1072 2524 etiam

290 2556 356 2616 sine
378 2561 502 2617 sacrato
523 2556 625 2633 lapide
647 2561 680 2616 et
702 2556 768 2617 sine
784 2556 928 2634 reliquiis
943 2558 1073 2618 Sancto·

290 2669 371 2710 rum:
395 2651 522 2728 insuper
543 2657 577 2710 ct
598 2650 798 2711 benedicendi
819 2670 909 2712 sacra
935 2652 1074 2729 supelle-

289 2745 423 2805 ctiliaet
437 2743 639 2804 consecrandi
655 2723 844 2805 calices‘eto.
890 2790 897 2804 .
944 2791 952 2806 .
998 2791 1005 2805 .
1050 2742 1139 2806 »375

289 2838 308 2896 7
329 2837 522 2915 Septembris
534 2868 549 2882 -
561 2837 635 2896 Nou
643 2856 821 2914 possumus.
836 2843 983 2912 Georgia
997 2844 1072 2900 Bri·

288 2933 429 2992 tanniae
449 2933 546 3003 Regi.
568 2931 648 3006 Agit
669 2933 791 3009 gratias
826 2938 891 2994 tum
915 2952 972 3011 pro
993 2934 1072 2994 libe·

289 3025 431 3096 ralitato,
453 3043 514 3102 qua
534 3025 770 3108 Ecclesiasticos
791 3028 898 3088 Gallos
918 3046 1069 3105 prosecu-

289 3123 340 3178 tus
362 3125 423 3193 est,
441 3124 507 3180 tum
529 3125 659 3197 propter
672 3119 815 3197 ingentia
835 3121 986 3182 beneficia
1007 3123 1070 3183 Ca-

288 3212 415 3274 tholicis
435 3213 495 3291 ipsi
517 3211 666 3274 subiectis
687 3214 803 3275 collata
829 3217 890 3276 etc.
942 3259 950 3274 .
997 3258 1005 3274 .
1048 3213 1140 3274 »376
