2386 4194
215 287 393 346 damnatam
415 285 604 346 sententiam
623 286 793 345 renovavit
807 283 989 358 lantherus,
1007 284 1170 345 damnatio·

214 397 284 439 nem
298 383 331 440 et
345 379 413 456 ipse
434 378 532 440 subiit
546 399 564 440 a
586 379 738 440 Pontidoe
752 383 855 442 Leone
870 381 911 440 X.
929 380 989 459 (1).
1005 378 1131 440 Pariter
1144 379 1169 436 in

215 491 276 532 uno
297 490 337 532 ex
358 473 505 534 conciliis
527 475 832 554 Rothomageneibns
853 474 928 536 enni
945 474 1023 536 1581
1040 472 1097 553 (2),
1113 489 1171 532 mo·

216 566 276 626 niti
298 566 428 627 inerunt
448 567 612 645 Episcopi,
636 573 672 628 nt
692 567 895 629 subsidiarios
914 566 1092 646 Regulares
1112 569 1171 627 tue

216 662 348 735 rentur,
363 664 397 722 et
417 677 507 722 caros
526 661 698 735 haberent,
714 665 808 740 atque
822 661 947 723 alerent
961 661 1045 724 siout
1058 659 1173 722 coadiu-

217 758 321 828 tores,
342 772 508 832 omnesque
536 753 604 815 illis
626 755 724 815 iactas
746 755 878 815 iniurias
899 759 934 816 et
952 752 1170 824 contumelias,

218 865 289 908 suas
317 866 383 908 esse
412 848 633 910 existimarent
652 852 687 907 et
707 848 939 926 propulsarent.
964 839 1185 908 Memorabilia

217 945 455 1018 compererunt
482 941 534 1019 pie
555 943 630 1002 vota
657 940 729 1001 Divi
749 941 904 1002 Lodovici
925 942 982 1013 IX,
1003 939 1170 1001 Galliarum

217 1034 327 1112 Regis,
342 1034 393 1094 oni
415 1033 446 1093 in
470 1034 574 1095 animo
587 1035 770 1110 insederat,
787 1037 824 1096 nt
845 1037 918 1107 dno,
933 1051 1009 1112 qnos
1031 1034 1064 1091 in
1080 1033 1171 1092 orien-

218 1126 277 1187 tali
298 1128 498 1204 expeditione
518 1132 700 1208 susceperat
721 1128 823 1201 lilios,
845 1145 916 1188 cnm
937 1129 975 1187 ad
997 1143 1094 1187 annos
1115 1124 1186 1200 dis}

217 1221 369 1282 cretionis
387 1221 619 1298 pervenissent,
635 1222 722 1284 intra
742 1225 830 1300 septa
851 1220 1037 1282 Monasterii
1058 1209 1186 1279 enutri-¹

217 1316 349 1388 rentnr3
371 1314 455 1374 alter
474 1316 556 1391 apud
578 1314 814 1390 Dominioanos,
837 1315 918 1392 apud
942 1312 1111 1374 Minoritae
1131 1311 1168 1370 al·

218 1409 282 1480 ter,
298 1412 335 1467 nt
347 1408 446 1468 sacris
460 1407 631 1482 institutis,
646 1413 680 1468 et
693 1408 815 1470 litteris
831 1409 1081 1480 instruerentur,
1097 1404 1163 1466 etad
1186 1447 1187 1466 ι

218 1519 353 1563 amorem
365 1503 541 1581 Religionis
553 1503 790 1576 inducerentur,
803 1503 983 1564 desiderans
997 1505 1066 1562 toto
1078 1500 1166 1568 corde,

219 1599 257 1656 nt
284 1597 476 1656 documentis
504 1596 697 1658 salutaribus
725 1596 907 1669 iniormati,
929 1595 1060 1657 Domirm
1082 1593 1169 1671 inspi-

218 1693 323 1764 rante,
345 1690 425 1765 loco,
440 1695 474 1750 et
495 1694 635 1768 tempore
656 1692 740 1768 ipsae
753 1691 935 1769 Religionea
948 1690 1111 1750 intrarent
1123 1687 1166 1765 (3).
1187 1764 1188 1772 ἵ

218 1783 395 1844 Novissima
419 1801 495 1844 vero
516 1788 660 1844 auctores
689 1785 792 1862 operis
820 1783 966 1860 inscripti
995 1783 1041 1861 (4)
1062 1773 1188 1844 ‹Nou-3

220 1891 331 1936 ›vean
360 1876 459 1936 traite
487 1879 524 1936 de
551 1877 804 1955 diplomatiqne›
825 1877 883 1957 (5),
906 1893 976 1936 cum
997 1874 1169 1936 refellerant

219 1969 416 2029 adversarios
437 1971 669 2047 exemptionum
691 1971 918 2049 Regularium‚
934 1971 1010 2029 haec
1031 1969 1064 2028 in
1088 1967 1169 2027 rerba

219 2066 432 2140 proruperunt
455 2062 523 2142 (6):
552 2064 695 2132 ‹Qnelle
733 2065 892 2126 attention
932 2064 1069 2140 peurent
1106 2062 1189 2134 donor

220 2155 386 2215 »moriter
413 2155 460 2215 les
492 2156 715 2217 declamatione
746 2159 783 2217 de
811 2156 987 2218 l’historien
1017 2158 1057 2214 dn
1087 2153 1189 2224 Droitl

285 2349 319 2402 (i)
335 2347 412 2395 Bulla
424 2350 455 2398 ln
471 2349 569 2396 collect.
582 2349 718 2398 concilior.
729 2350 825 2407 Labbo,
841 2351 904 2398 tom.
915 2349 982 2405 XIX,
993 2359 1053 2406 pag.
1066 2347 1133 2396 loct.

285 2427 318 2479 (Β)
336 2427 367 2473 In
376 2424 433 2473 aad.
444 2425 542 2472 collect.
554 2427 650 2484 Labie,
662 2439 717 2484 cap.
729 2425 760 2473 de
771 2427 887 2476 durator.
895 2425 961 2473 offic.
971 2426 1041 2481 nal,
1051 2422 1167 2470 tomxrn.

220 2513 278 2560 pag.
293 2503 349 2548 651.

284 2577 319 2632 (3)
336 2577 397 2625 Vita
412 2578 438 2624 S.
450 2575 583 2635 Lndovioi,
601 2591 657 2637 cap.
670 2579 738 2635 xiv,
756 2579 824 2625 inter
839 2579 961 2625 Francor.
983 2576 1072 2634 script.
1085 2573 1168 2622 collect

221 2666 237 2701 ι
252 2653 394 2710 Ducheane,
411 2655 474 2701 tom.
485 2655 516 2710 V,
534 2665 591 2712 pap.
603 2655 651 2701 448
666 2655 697 2700 in
714 2652 759 2699 lin.

282 2731 319 2785 (4)
335 2748 347 2770 u
358 2730 447 2777 Novus
462 2730 589 2776 tractatus
605 2727 794 2788 diplomaticus.
807 2745 820 2767 n

277 2807 320 2862 (ὅ)
335 2803 376 2854 Od
390 2806 443 2853 i'on
453 2805 568 2852 examine
584 2805 622 2852 len
631 2803 792 2852 fondamento
801 2802 832 2850 de
842 2805 883 2851 oet
893 2804 942 2851 art.
954 2803 1051 2860 tom.V‚
1062 2813 1118 2860 pag.
1125 2796 1167 2845 tit.

220 2881 249 2930 in
263 2881 307 2928 dn.
318 2881 408 2938 ettilo,
425 2880 490 2928 edit.
503 2881 585 2928 Par-ia
598 2881 669 2930 lton.

282 2958 319 3014 (6)
335 2975 347 2998 u
359 2957 441 3012 Quam
463 2956 630 3005 attentionem
657 2957 766 3014 poscunt
786 2954 866 3013 igitur
882 2954 973 3002 mereri
988 2951 1169 3000 declamationes

179 3068 183 3078 ,
222 3051 235 3074 n
252 3033 336 3081 editae
352 3033 384 3080 ab
395 3033 519 3080 historico
535 3029 600 3079 luri
616 3027 721 3092 publici
736 3025 923 3078 Ecclesiastico·
939 3025 1051 3089 Gallici,
1063 3028 1168 3076 advocor

223 3127 235 3149 n
252 3107 388 3168 privilegia
402 3107 564 3155 monateriis
580 3118 720 3164 concessu
738 3105 882 3164 privilegia,
898 3104 991 3163 inquit,
1009 3107 1035 3152 et
1051 3101 1168 3160 exemptio

222 3201 235 3225 u
251 3196 306 3241 noa,
318 3195 383 3243 quae
392 3183 498 3232 concedi
514 3197 566 3232 non
580 3185 694 3242 potuere,
710 3183 763 3230 nisi
778 3195 869 3229 averna
885 3180 1046 3238 monarchia,
1063 3179 1112 3228 uici
1125 3177 1168 3222 vir

222 3279 235 3302 n
252 3261 313 3308 latia
328 3261 495 3318 Episcopatus
511 3259 745 3317 tonitruumque
762 3257 888 3305 auntveri
899 3256 1003 3313 abusus,
1022 3258 1049 3304 et
1063 3253 1169 3301 maximoe

223 3355 236 3378 ι
254 3336 353 3384 abusuri
365 3335 535 3403 invexerunt?
563 3333 673 3392 Quanto
698 3331 830 3380 temeritas
854 3333 892 3380 cio
912 3332 1046 3392 insurgere
1062 3329 1168 3378 arvenna

222 3431 235 3454 n
252 3411 414 3473 disciplinam
422 3414 477 3460 tum
487 3411 617 3470 antiquam
626 3411 750 3469 tantaque
763 3410 916 3458 auctoritate
931 3407 1026 3459 tultam
1034 3408 1062 3456 in
1070 3401 1169 3454 nedem

224 3506 236 3529 n
252 3490 279 3536 ct
293 3490 380 3547 Regno
394 3487 425 3532 1»
