2386 4194
393 216 431 231 -
455 186 512 248 lll
535 214 573 229 -

8 281 140 372 'rarique
156 311 173 354 a
190 289 317 372 collegis
336 292 418 368 suis,
435 311 589 372 unumque
604 311 644 354 ex
657 293 799 353 omnibns
813 294 965 354 hactenus

20 405 105 460 esse,
117 385 161 464 qui
178 389 271 448 Deum
292 386 325 447 in
347 404 473 448 suorum
495 404 639 448 errorum
655 388 767 448 testam
782 386 963 446 adduceret.

19 486 63 546 Et
89 482 212 559 qumvis
237 481 303 559 ipse
331 485 463 544 conatus
481 482 526 543 sit
554 481 637 544 tueri
660 499 711 555 se,
733 499 770 543 ac
797 480 965 542 immunem

16 578 168 653 praestare
180 575 210 635 in
226 593 285 636 nuo
296 577 421 636 tantum
433 574 570 637 articulo
582 575 762 655 attingente
779 572 966 634 dioecesium

16 667 237 742 restrictiores,
258 666 504 747 populorumque
525 670 563 731 ad
585 668 665 730 alias
686 668 842 728 dioeceses
863 669 967 728 trans·

15 759 158 835 lotiones,
177 779 242 822 cnm
264 763 371 826 fucum
393 763 496 824 facere
516 761 638 841 ignaris
667 761 787 834 vellet,
810 763 904 838 atquo
925 757 967 818 il·

20 855 137 930 ludere,
150 856 204 917 illa
224 874 353 935 prorsus
373 857 480 935 inepta
501 855 732 934 comparatione
745 873 827 916 usus
841 859 903 928 est,
918 855 966 914 to·

21 949 77 1010 tius
98 949 235 1012 nimirum
257 951 384 1029 populi,
407 951 465 1029 qni
482 951 521 1011 ob
542 950 683 1028 publicas
703 967 887 1022 aerumnas,
910 951 968 1009 aut

20 1043 75 1104 alia
96 1048 219 1122 urgente
240 1044 448 1119 necessitate,
465 1061 521 1122 per
542 1042 669 1105 civilem
687 1043 814 1121 cogitur
829 1045 967 1120 potesta·

19 1139 76 1194 tem
102 1137 135 1196 de
162 1155 222 1198 una
248 1138 287 1198 ad
317 1136 411 1199 uliam
438 1138 575 1199 transire
608 1137 786 1198 dioecesim.
811 1136 967 1198 Diffcrunt

17 1229 94 1290 enim
112 1232 242 1293 naxium
262 1232 349 1294 inter
363 1251 395 1293 so
410 1234 471 1294 dno
485 1235 562 1295 haec
575 1234 737 1310 exempla;
751 1233 897 1310 qnoniam
913 1229 967 1292 ubi

16 1325 135 1401 populns
162 1344 218 1386 sua
246 1325 380 1390 dioecesi
406 1327 541 1401 relicta,
564 1344 599 1387 sc
620 1325 774 1388 transfert
793 1328 832 1386 ad
850 1326 965 1399 aliam,

17 1418 171 1500 Episcopus
189 1422 258 1482 eius
278 1421 446 1495 dioecesis,
469 1423 507 1484 ad
529 1440 622 1501 quam
643 1422 785 1496 accedit,
805 1419 967 1499 propriam

24 1517 53 1571 et
68 1515 247 1576 ordinariam
269 1518 412 1591 exercet,
435 1515 522 1578 intra
542 1516 621 1576 tines
642 1532 717 1576 suae
749 1514 914 1589 dioecesis,
932 1514 965 1574 in

27 1621 104 1668 novos
122 1609 241 1672 incolas
269 1607 541 1681 iurisdictionem
568 1608 836 1681 iurisdictionem,
866 1607 968 1687 inqui·

25 1716 161 1772 mus,non
184 1722 204 1765 a
224 1702 313 1764 civili
334 1705 493 1782 potestate
514 1703 708 1780 quaesitam,
724 1702 776 1762 sed
796 1721 888 1779 quam
903 1702 967 1762 iuri

21 1809 66 1852 sno
81 1795 196 1856 referre
217 1795 311 1856 debet
331 1802 504 1874 acceptam.
527 1797 609 1858 Iuris
631 1796 745 1874 quippe
765 1801 830 1870 est,
854 1795 966 1875 utqui

17 1885 44 1944 in
68 1889 195 1950 dioecesi
217 1893 353 1969 degunt,
369 1891 393 1952 ii
413 1909 537 1967 omncs,
553 1892 677 1952 ratione
699 1890 852 1952 domicilii
872 1892 906 1950 ct
918 1889 967 1950 in·

19 1980 136 2059 uolatus,
161 1983 199 2044 ad
227 1984 412 2062 Episcopum
440 1985 639 2062 pertineant,
661 1984 692 2044 in
722 1983 810 2044 cuius
831 1982 966 2045 dioecesi

21 2080 177 2140 morantur.
199 2079 287 2150 Quod
309 2078 336 2138 ei
357 2078 497 2154 accidat,
521 2081 558 2140 ut
577 2080 737 2157 episcopus
759 2078 925 2150 dioecesis,
947 2096 967 2138 a

19 2185 64 2242 qno
82 2173 214 2250 populus
240 2171 395 2244 abscedit,
419 2171 485 2234 sine
511 2173 599 2250 plebe
625 2177 805 2248 remaneat,
835 2191 893 2232 non
917 2173 967 2233 id·
1021 2210 1024 2228 .

16 2262 82 2323 circo
101 2264 159 2324 fiet
179 2281 344 2341 umquam,
367 2268 404 2325 ut
425 2266 537 2326 Pastor
558 2266 624 2326 sine
640 2268 742 2344 Grege
757 2266 880 2327 desinat
894 2265 967 2343 Epi·

14 2374 106 2434 scopus
128 2377 216 2433 esse,
240 2364 296 2420 aut
316 2358 456 2420 Ecclesia
473 2378 584 2421 nomen
604 2361 802 2424 cathedralis
823 2361 963 2422 amittat:

15 2453 54 2510 sed
74 2459 138 2514 tam
168 2452 349 2531 episcopus,
372 2471 466 2531 quem
489 2454 648 2527 Ecclesia,
672 2474 729 2515 sua
754 2455 872 2515 retinet
895 2454 967 2514 iura

18 2547 197 2626 episcopatus
218 2551 252 2607 ct
271 2547 545 2622 cathedralitatis,
565 2550 615 2609 uti
636 2555 686 2610 est
707 2550 744 2608 dc
764 2547 912 2609 Ecclesiie
927 2548 968 2608 si·

18 2657 44 2698 vc
59 2659 112 2718 per
135 2643 274 2714 Tuncas,
289 2641 356 2701 sive
371 2659 429 2719 per
448 2642 528 2703 alios
544 2642 688 2703 infideles
702 2641 874 2719 occupatis,
887 2658 965 2717 quae

14 2733 152 2814 episcopis
173 2733 359 2795 titularibus
380 2753 471 2814 saepe
492 2736 709 2796 conferuntur.
730 2737 848 2797 Contra
869 2751 965 2808 vero,

14 2827 54 2886 ubi
74 2829 265 2891 dioecesium
291 2829 368 2890 tinas
388 2829 436 2891 ita
460 2830 643 2903 variantur,
668 2835 705 2890 ut
728 2828 781 2890 nel
802 2829 964 2905 integrae,

16 2922 55 2980 nel
75 2941 188 2985 carum
216 2927 323 3000 partes
348 2925 389 2984 ab
415 2925 578 3002 episcopo,
601 2927 638 2985 ad
661 2941 752 3002 quem
781 2923 963 3000 pertinent,

17 3014 155 3076 mulium
176 3015 430 3093 transferantur,
446 3022 523 3080 tunc
537 3037 630 3092 sane,
646 3017 808 3078 deficiente
822 3015 967 3093 legitima

13 3101 156 3172 Ecclesiae
177 3109 390 3185 auctoritate,
406 3111 517 3188 nequit
537 3111 725 3188 Episcopus,
741 3109 791 3170 cui
814 3109 865 3168 vel
885 3109 967 3170 inte-

13 3215 56 3274 gra
72 3203 227 3263 dioecesis
248 3203 417 3277 adimitur,
441 3205 494 3265 vel
515 3221 587 3282 pars
608 3205 747 3265 ciusdem
771 3203 964 3280 decerpitur,

13 3289 141 3356 deserere
157 3313 285 3375 gregem
300 3295 360 3356 sibi
375 3298 610 3371 concreditum,
623 3301 657 3357 et
673 3298 781 3374 nequit
795 3297 878 3357 alter
901 3297 967 3374 cpi-

15 3397 103 3466 scopus
127 3409 211 3452 nova
239 3390 372 3451 dioecesi
394 3390 564 3469 illegitime
592 3393 719 3462 auctus,
748 3409 818 3450 suas
843 3389 965 3451 alienae

16 3474 131 3543 dioecesi
143 3499 254 3544 manus
268 3481 454 3558 immittere,
467 3486 501 3544 ct
512 3483 653 3561 regimen
669 3482 844 3546 alienarum
858 3482 964 3542 ovium
