2364 4198
17 285 114 362 ,gregis
131 286 229 346 salute
248 290 411 364 correptos
431 291 567 348 tremore
582 303 710 348 cernere
724 287 785 348 iam
803 287 956 363 videmur,

29 381 103 455 atque
120 379 224 439 audire
245 380 415 442 clamantes
436 399 506 442 cum
525 382 625 443 Paulo
639 381 699 462 (l):
718 383 796 448 Quis
809 384 959 460 infirma·

29 479 77 542 tur,
97 480 125 530 ct
144 490 200 549 eya
220 491 287 533 aaa
309 475 480 552 infirmari
494 478 568 552 qais
584 473 841 547 scandalizatur,
857 484 888 535 et
901 492 958 553 epo

27 566 277 639 mareclias,
299 567 468 646 inquimus,
482 569 553 628 dum
576 569 667 630 hasce
688 568 815 629 litteras
835 569 958 646 publice

17 657 187 733 *vulgabitia
199 661 324 722 Nostris
335 660 562 722 sollicitudines
573 665 697 722 vestras
710 661 885 739 adiungite,
898 662 959 721 ier-

17 752 160 816 uentiores
181 756 218 814 D.
235 755 272 814 0.
288 756 330 814 Μ.
347 772 454 832 preces
475 754 641 828 adhibete,
663 755 780 817 iterate
800 755 960 815 hortatio-

17 859 83 916 ues,
96 845 385 924 praeceptionesque
404 851 546 922 vestras,
562 851 597 907 ut
617 848 649 907 in
671 853 762 909 tanta
782 852 959 926 temporum

17 937 188 1013 :acerbitate
205 939 238 998 in
254 942 343 1000 tanto
364 940 537 1002 animarum
552 940 743 1015 discrimine,
759 948 792 1002 et
807 942 959 1003 stantium

17 1027 140 1096 'idolium
161 1034 372 1095 constantiam
392 1034 588 1106 confirmare,
604 1037 637 1093 et
649 1035 808 1111 lapsorum
823 1035 957 1095 infirmi-

17 1123 70 1190 ,teti
86 1125 235 1202 opitulari
256 1127 393 1203 possitis.
410 1128 469 1187 Sed
498 1127 594 1204 lapsis
619 1127 775 1204 imprimis
797 1129 835 1188 ob
856 1129 959 1189 oculos

18 1218 129 1293 ¹ponite,
156 1221 202 1282 nil
224 1239 298 1281 saue
318 1226 464 1282 aeternae
486 1239 593 1282 eorum
614 1221 720 1295 saluti,
737 1223 781 1283 nil
803 1241 896 1283 verae
910 1241 960 1282 eo-

17 1327 74 1370 rum
85 1313 215 1388 gloriae,
229 1315 274 1374 nil
290 1315 453 1374 universae
466 1314 623 1375 Ecclesiae
637 1314 780 1375 laetitiae
794 1320 959 1393 tantopere
1066 1367 1068 1374 .

22 1407 238 1479 conducturum,
255 1406 300 1466 nil
322 1408 451 1484 denique
472 1407 614 1467 futurum
637 1412 701 1468 tam
715 1413 852 1485 gratum,
867 1427 959 1486 quam

25 1495 87 1558 istud
106 1501 309 1560 obedieutiae
330 1500 530 1574 sacrificium,
545 1502 626 1577 quod
641 1503 706 1562 Nos
727 1505 816 1562 modo
837 1521 888 1563 eos
904 1521 959 1580 per

28 1590 121 1654 viscera
141 1593 197 1653 Dei
222 1592 333 1665 nostri,
355 1611 411 1669 per
432 1595 600 1654 adventum
622 1595 744 1654 Domini
771 1597 872 1656 nostri
892 1599 959 1656 Iesu

27 1681 118 1743 Christi
139 1703 297 1762 rogamus,
321 1685 512 1763 flagitamus,
534 1687 740 1748 obsecramus.
757 1689 840 1748 Haec
854 1692 959 1748 autem

25 1773 161 1853 iacientes,
183 1779 324 1856 pergatis
344 1779 365 1838 ii
387 1798 465 1852 esse,
480 1780 530 1856 qui
547 1780 608 1840 iam
623 1781 710 1854 estis,
726 1783 801 1840 boni
814 1783 962 1841 ministri

25 1865 123 1930 Glrieti
143 1873 231 1944 Iesu,
249 1874 391 1933 caletrici
405 1876 508 1933 verbis
521 1874 609 1950 fidei,
622 1883 653 1935 et
667 1877 766 1934 hocce
781 1875 957 1947 doctrinae,

17 1979 101 2036 *pram
120 1971 261 2028 assecuti
281 1971 357 2027 estis
371 1965 428 2046 (2).

67 2061 124 2118 Vos
144 2074 288 2137 qnoque,
304 2060 413 2120 dilecti
434 2060 493 2121 filii
515 2062 730 2137 spectabilium
751 2061 977 2138 capitulorumv

27 2153 154 2226 uranici,
179 2155 328 2232 parochi,
351 2155 548 2228 sacerdoteS,
571 2155 687 2232 aliique
709 2155 857 2234 gallicani
882 2157 960 2216 cleri

25 2242 160 2319 ministri,
177 2247 288 2307 fideles
309 2249 430 2306 demum
454 2247 593 2307 universi
614 2249 646 2307 in
669 2249 843 2309 Galliarum
865 2266 960 2326 regno

25 2333 148 2411 degentes
163 2384 172 2410 ,
188 2340 243 2416 qui
265 2339 459 2412 constantia,
481 2348 514 2398 et
536 2339 698 2416 religionis
719 2342 822 2402 studio
847 2342 961 2402 ceteris

24 2431 255 2504 interclusistis,
277 2449 384 2509 preces
409 2435 531 2492 vestras
558 2450 628 2492 cum
653 2434 802 2506 Nostris,
832 2451 960 2510 cumque

27 2515 167 2584 Pastorum
187 2529 369 2604 ,vestrorum
391 2523 536 2601 precibus
558 2525 750 2602 coniungite,
774 2529 806 2584 et
827 2517 960 2585 clamate

28 2605 176 2686 incinere,
200 2609 360 2688 oratione,
376 2622 408 2676 et
426 2617 558 2676 ieiunio:
579 2619 683 2677 Parce
697 2617 849 2690 Domine,
864 2634 961 2692 parce

22 2711 117 2780 Populo
137 2719 206 2770 tuo.
229 2711 309 2770 Nam
332 2709 510 2784 bonusest,
532 2716 565 2770 et
586 2711 763 2770 misericors
785 2713 885 2783 Deus,
907 2711 961 2787 qui

23 2811 76 2857 lum
95 2804 324 2876 sacerdotium,
344 2810 378 2864 et
397 2821 527 2880 regnum
550 2803 671 2864 videbit
691 2804 869 2877 lacrimari,
897 2809 962 2865 sta-

25 2888 68 2950 tim
86 2897 170 2972 quasi
192 2897 383 2975 compatiens
411 2899 449 2956 ad
478 2897 775 2959 commiserationem
803 2898 961 2958 flectetur.

23 2981 85 3045 Hinc
105 2993 275 3067 gaudentes
295 2991 468 3052 infortunia
489 2993 643 3064 tolerate,
666 3010 744 3068 quae
768 2992 856 3052 vobis
876 2991 963 3051 acci-

24 3076 140 3156 derunt,
163 3103 301 3162 quaeque
323 3085 457 3146 sortasse
482 3087 577 3146 etiam
600 3084 761 3160 accident,
782 3087 881 3145 donec
902 3083 963 3144 Dei

17 3179 236 3254 'omnipotentis
245 3181 381 3241 deutera
392 3182 502 3240 omnia
516 3181 639 3240 diaboli
650 3198 743 3240 arma
758 3182 963 3257 confringam

22 3272 65 3326 cui
83 3274 116 3332 ob
137 3275 194 3335 lucc
215 3275 344 3352 aliquid
365 3275 484 3335 audere
495 3277 711 3352 permittitur,
728 3283 766 3334 at
780 3292 801 3334 a
814 3276 963 3353 fidelibus
1031 3289 1032 3292 ’

71 3399 105 3455 (1)
125 3401 150 3446 S.
163 3402 257 3450 Paulus
267 3403 301 3448 II.
314 3400 347 3448 ad
356 3401 469 3449 corinth.
483 3413 539 3461 cap.
552 3403 596 3447 XI.
606 3415 632 3448 v.
644 3403 684 3450 29.

72 3474 105 3528 (¹2)
119 3477 143 3524 S.
155 3478 227 3527 Paul.
239 3481 260 3524 Ι.
275 3477 308 3526 ad
317 3479 425 3526 umam.
437 3491 492 3539 cap.
503 3481 547 3527 1v.
559 3491 585 3525 v.
597 3479 621 3527 6.
