2386 4194
100 933 106 942 ‘
204 920 399 998 eligerentur
413 942 432 984 a
444 923 568 1002 populo.
584 924 683 990 Quam
704 922 856 1001 perfacile
869 925 919 984 est
932 924 1168 1001 deprehendere

604 193 643 207 -
665 162 763 222 86-
1184 187 1185 238 i

203 279 266 335 raa,
281 263 484 340 Monasteria,
507 270 541 327 et
560 266 728 329 Beneficia.
745 268 806 330 lllo
821 267 924 347 igitur
939 286 1022 330 nunc
1043 271 1169 347 postha-

202 355 292 431 bito,
319 359 500 422 decernitur
524 360 562 421 ab
586 360 649 423 isto
673 346 859 438 muscata,
885 364 922 422 nt
945 363 1169 440 inposterum

201 449 349 528 Episcopi
373 452 536 532 eligantur
558 473 578 515 a
602 454 807 520 multitudine
817 473 1091 546 ¹qu01.·umcumqne
1106 456 1172 518 Dis·

202 543 356 605 trictuum
377 549 434 607 aut
454 546 754 624 Municipalitatum.
771 550 806 608 In
821 566 882 626 quo
898 565 972 612 saue
985 549 1171 611 Conventus

202 635 260 702 illa
274 637 411 701 voluisse
426 638 554 702 videtur
567 640 664 702 falsas
678 641 826 718 amplecti
836 641 985 714 Luthari,
996 643 1033 702 et
1044 643 1170 705 Caluini

204 729 375 808 opiniones,
391 751 467 810 quas
482 738 631 812 sequutus
651 734 795 813 deinceps
810 739 860 798 est
874 735 1079 812 Spalatensis
1094 738 1185 828 Apo-3

204 827 299 886 stata.
322 828 515 890 deserebant
535 828 590 889 isti
612 828 691 888 iuris
716 845 783 890 esse
808 828 932 902 divini,
962 833 999 889 ut
1024 829 1170 908 Episcopi

204 1032 367 1076 erroneam
388 1035 455 1076 esse
476 1016 678 1091 sententiam,
701 1017 726 1076 si
746 1019 875 1094 ¹veteres
895 1017 1049 1078 memoria
1065 1036 1167 1078 reeen-

204 1107 324 1171 seamus
351 1110 534 1171 electiones.
558 1111 683 1188 Moyses
703 1109 805 1184 enim,
829 1113 864 1171 ut
885 1111 924 1170 ab
945 1112 1014 1188 ipso
1038 1111 1167 1190 incipia-

203 1219 288 1276 mus,
310 1202 478 1263 constituit
498 1203 531 1264 in
552 1201 737 1264 Pontificem
759 1201 828 1262 sine
848 1203 1018 1282 suffragio,
1041 1208 1079 1264 et
1100 1223 1164 1266 con·

203 1295 274 1360 silio
294 1297 511 1358 multitudinis
531 1300 706 1370 Aaronem,
729 1299 762 1358 et
783 1300 855 1373 post
876 1315 945 1358 eum
967 1298 1159 1371 Eleazarum
1184 1295 1185 1380 l

204 1395 238 1452 et
258 1393 403 1454 Christus
423 1393 571 1454 Dominus
592 1395 710 1456 Noster
736 1393 871 1471 primum
901 1394 1064 1454 duodecim
1090 1397 1158 1472 Apo-
1184 1403 1185 1490 3

204 1485 313 1560 stolos,
329 1485 662 1564 deindevseptuaginta
681 1487 758 1548 duos
771 1487 961 1565 Discipulos,
979 1488 1049 1548 sine
1064 1488 1163 1566 populi
1184 1499 1185 1506 ¹

204 1577 303 1656 elegit
318 1577 514 1654 interventu,
525 1585 710 1658 sanctusque
721 1579 840 1642 Paulus
854 1581 1057 1642 Timotheum
1071 1584 1164 1660 Ephe·
1184 1589 1185 1662 3

204 1673 244 1746 si,
260 1672 369 1735 Titum
389 1661 511 1736 insulae
533 1676 659 1748 Cretae,
673 1674 858 1753 Dionysium
873 1673 1105 1752 Areopagitam
1119 1677 1164 1736 (lo-

203 1765 328 1840 rinthi,
354 1785 446 1844 quem
470 1768 642 1844 Apostolus
663 1767 727 1828 suis
754 1767 897 1852 manibus
923 1767 1093 1830 ordinavit
1114 1770 1160 1846 (l).

204 1859 338 1920 Sanctus
359 1877 434 1920 vero
448 1862 580 1922 Ioannes
594 1856 805 1940 Polycarpum
826 1860 971 1924 Smirnae
992 1861 1087 1921 dedit
1100 1862 1162 1939 Epi·

204 1969 329 2029 scopum
350 1951 416 2015 sinc
439 1953 504 2014 ulio
525 1953 624 2031 plebis
645 1971 795 2016 consensu
811 1952 877 2032 (2);
899 1972 936 2022 ae,
957 1971 1059 2031 prope
1082 1953 1162 2013 innu-

176 2039 178 2046 ’
203 2046 370 2108 merabiles
391 2046 477 2107 missi
500 2047 629 2108 luerunt
649 2049 686 2107 ad
709 2046 839 2126 populos
860 2047 1017 2120 absentes,
1046 2051 1082 2108 et
1104 2045 1162 2107 inii·
1184 2041 1185 2118 l

203 2234 298 2308 atque
318 2232 515 2310 Bithyniam,
538 2235 602 2294 solo
623 2233 847 2311 Apostolorum
868 2235 997 2308 iudicio,
1010 2234 1160 2296 Ecclesiae

202 2323 242 2383 ab
256 2323 331 2400 ipsis
345 2324 492 2386 fundatas
506 2325 770 2403 pastoraliofficio
785 2327 1000 2404 gubernarent
1011 2327 1070 2406 (3).
1087 2331 1159 2397 Quae

203 2416 390 2481 electionum
412 2420 507 2493 ratio,
524 2439 615 2499 quam
631 2433 708 2483 vera
721 2421 776 2496 sit,
792 2440 832 2481 ex
846 2422 1056 2484 sacrosanctis
1071 2424 1158 2484 etiam

202 2512 423 2589 comprobatur
437 2515 598 2590 (lenciliis,
622 2518 659 2578 ut
679 2534 698 2576 a
719 2515 895 2577 Laodicena
916 2516 931 2575 Ι
951 2515 1009 2592 (4),
1033 2519 1158 2592 atquea

202 2604 548 2686 Constantinopolitano
563 2611 607 2670 lV
621 2607 678 2689 (5).
695 2610 728 2670 S.
742 2609 936 2672 Athanasius
950 2608 1076 2670 creavit
1089 2609 1159 2670 Fru-

266 2787 300 2841 ‹1›
316 2786 410 2834 Euseb.
421 2787 488 2834 Hist.
499 2785 672 2836 Ecclesiastic.
682 2786 782 2844 lib.111,
793 2798 850 2846 cap.
861 2787 906 2843 IV,
915 2799 941 2833 n.
955 2785 992 2842 15,
1004 2785 1068 2844 ibiq.
1079 2786 1131 2832 not.
1139 2785 1157 2830 t.

266 2863 301 2917 (²)
319 2861 345 2908 S.
357 2862 528 2919 Hieronymus
548 2861 578 2909 de
595 2861 665 2909 Viris
677 2860 800 2910 illustrib.
813 2873 870 2920 cap.
881 2861 963 2918 xv11,
975 2861 1038 2907 tom.
1050 2861 1086 2914 11,
1097 2871 1155 2918 oper.

201 2947 261 2995 pag.
272 2938 328 2993 848,
340 2937 401 2984 edit.
413 2936 526 2985 Vallata.

265 3013 300 3067 ‹a›
316 3011 410 3060 Euseb.
427 3013 498 3061 altat.
510 3024 567 3072 cap.
578 3014 623 3071 IV,
640 3025 711 3066 num.
729 3013 753 3059 5.
773 3013 799 3060 S.
810 3011 959 3071 Hieronym.
980 3013 1119 3060 comment.
1134 3011 1156 3056 in

202 3100 258 3147 cap.
269 3089 339 3135 XXV
351 3088 482 3146 Matthaei,
495 3090 556 3139 tom.
569 3091 626 3148 VII,
638 3101 707 3150 oper.
718 3099 776 3148 pag.
787 3089 843 3146 20⁷,
853 3087 915 3136 edit.
926 3087 1038 3136 Vallata.

266 3165 300 3220 (4)
318 3165 379 3212 can.
391 3166 463 3212 XIII.
476 3183 489 3206 u
500 3163 572 3220 Quod
590 3177 643 3212 non
663 3165 698 3213 sit
715 3162 911 3227 permittendum
926 3163 1010 3212 turbis
1030 3163 1155 3211 electiones

199 3251 289 3288 aarum
304 3240 398 3298 lacera,
411 3241 526 3298 quisunt
537 3240 570 3288 ad
580 3241 751 3289 sacerdotium
761 3239 943 3299 provehendi.»
959 3240 1046 3287 Labbc
1058 3237 1153 3288 collect.

202 3315 300 3378 concii.
311 3315 371 3363 edit.
382 3316 473 3363 venet.
484 3314 565 3365 colat.
575 3319 637 3364 tom.
649 3317 684 3374 11,
697 3315 747 3362 col.
760 3315 830 3364 1544.

266 3395 301 3451 (5)
320 3393 478 3445 Oeoumanlc.
489 3394 560 3439 VIII.
572 3394 622 3440 act.
637 3393 674 3440 10.
686 3404 743 3440 can.
756 3393 795 3439 ta.
807 3410 821 3434 a
833 3391 987 3452 apostolum
999 3392 1026 3438 et
1035 3389 1153 3450 synodicis

202 3470 344 3520 canonibus
353 3467 526 3529 promotiones
535 3468 561 3514 et
570 3466 774 3515 consecrationes
784 3468 968 3526 Episcoporum
981 3469 1007 3520 et
1015 3465 1124 3527 potentia
1133 3464 1153 3510 et

204 2138 301 2210 deles,
313 2139 367 2216 qui
379 2156 436 2216 per
446 2141 596 2214 Pontum,
606 2141 777 2214 Galatiam,
793 2141 1034 2222 Cappadociam,
1049 2141 1160 2213 Asiam,
