2456 4192
222 307 382 376 decretum
404 316 458 389 sit,
481 319 532 376 ut:
556 315 632 377 «Le
654 317 767 378 nouvel
789 317 915 394 Estque
930 334 977 376 ne
996 333 1124 394 pourra
1142 318 1200 376 s’a·

221 408 379 469 ›dresser
400 427 438 470 au
456 411 551 488 Papa
573 429 652 489 pour
673 413 714 472 en
733 413 859 473 obtenir
880 411 1200 473 aucune‘confirma·

222 501 346 572 atlon,
370 503 447 563 mais
468 502 493 563 il
513 502 561 562 lui
582 505 685 566 ecrira
714 523 831 565 comme
852 523 891 566 au
912 505 994 568 chef
1011 505 1142 566 vi‘sible
1165 507 1199 564 de

222 595 385 674 ›l’Eglise
408 596 621 672 universelle,
644 618 680 658 en
709 601 911 678 temoignage
939 602 976 659 de
1006 598 1135 659 l’unite
1166 599 1201 658 de

222 688 309 762 stoi,
333 693 366 750 ct
387 691 424 749 de
444 689 478 749 la
498 693 695 751 communion
718 693 795 770 qu’il
817 693 886 754 doit
906 693 1090 754 entrctenir
1120 711 1201 754 avec

222 783 301 843 »lui
315 800 334 842 a
349 781 406 862 (1).
428 785 519 845 Nova
539 785 766 861 praescribitur
795 785 1003 847 iurisiurandi
1026 786 1200 860 formula,
1224 862 1225 866 Ἰ

221 877 254 936 in
269 895 331 954 qua
344 878 477 938 Romani
488 877 652 938 Pontificis
668 897 779 939 nomen
796 897 995 958 suppressum
1011 883 1076 940 est.
1094 881 1201 940 Immo
1224 887 1226 890 ’

223 988 292 1030 cum
307 970 436 1032 Electus
457 987 496 1030 ex
517 971 623 1031 iurata
650 971 711 1032 lide
740 976 887 1034 teneatur
914 974 1058 1036 Decretis
1080 975 1204 1035 Natio-

223 1064 366 1137 nalibus,
382 1063 414 1124 in
437 1065 547 1141 quibus
569 1065 738 1126 inhibitum
760 1070 827 1138 est,
842 1077 888 1127 'ne
909 1085 928 1127 a
949 1058 1114 1127 Pontifice
1141 1068 1203 1128 ele-

222 1157 336 1218 ctionis
356 1143 555 1219 confirmatio
576 1159 768 1236 postuletur,
784 1178 820 1219 eo
833 1161 902 1237 ipso
925 1160 1025 1220 omnis
1045 1161 1199 1220 ciusdem

222 1251 385 1311 Pontifici·
406 1254 544 1329 potestas
562 1270 690 1329 prorsus
705 1253 898 1327 excluditur;
914 1255 1008 1330 atque
1024 1254 1090 1314 hoc
1105 1257 1200 1314 modo

223 1344 450 1404 abscinduntur
469 1362 488 1403 a
508 1342 595 1404 fonte
616 1344 703 1419 rivi,
725 1345 806 1404 rami
832 1346 871 1405 ab
891 1346 1025 1419 arbore,
1056 1348 1200 1425 populus

224 1454 243 1497 a
263 1437 366 1514 primo
385 1437 566 1498 Sacerdote.
918 1519 920 1523 ι

283 1531 341 1590 Hic
362 1530 521 1591 vobiscum
550 1548 702 1607 usurpare
716 1532 813 1592 Nobis
835 1531 942 1607 liceat,
960 1535 993 1593 et
1008 1535 1198 1611 exprimere

222 1623 331 1684 illatas
352 1623 516 1701 dignitati,
539 1623 787 1702 auctoritatique
803 1627 940 1688 Nostrae
962 1625 1118 1704 iniurias,
1147 1647 1202 1687 vo-

223 1717 310 1798 cibus
323 1761 331 1787 ,
346 1717 458 1795 quibus
479 1719 511 1778 S.
528 1717 701 1796 Gregorius
720 1717 861 1798 {Magnus
880 1717 925 1800 (2)
947 1719 1086 1780 indoluit
1113 1724 1201 1800 apud

223 1809 459 1873 Constantinam
480 1811 658 1888 Augustam
681 1811 718 1870 de
740 1813 865 1886 Ioanne,
881 1812 935 1890 qui
956 1831 1037 1873 nova
1058 1831 1203 1890 praesu-

223 1920 310 1963 mere
330 1905 488 1980 coepcrat,
505 1921 597 1980 seque
612 1921 669 1981 per
683 1904 872 1981 superbiam,
889 1904 1104 1964 universalem
1124 1906 1202 1984 Epi·

117 2050 125 2066 ,
224 2013 349 2073 scopum
371 1995 562 2073 appellabat,
584 1996 795 2074 rogavitque,
819 2017 856 2058 ne
878 2016 1036 2060 assensum
1058 2001 1203 2076 praebe-

223 2092 276 2150 ret
295 2087 456 2167 praefatae
477 2089 603 2149 Ioannis
622 2089 771 2149 elationi:
794 2090 860 2151 ‹Si
881 2091 940 2151 hac
961 2091 993 2150 in
1015 2109 1116 2152 causa
1144 2113 1200 2152 ne-

224 2198 410 2259 »quaquam
430 2198 480 2240 me
501 2181 601 2258 pietas
622 2184 731 2242 vestra
745 2183 916 2260 despiciat,
940 2183 1013 2261 quia
1032 2185 1096 2243 etsi
1123 2205 1202 2264 pec-

225 2280 329 2335 »cata
349 2274 493 2352 Gregorii
515 2274 617 2356 (acac
632 2271 703 2352 Pii)
724 2278 816 2336 tanta
838 2281 933 2350 sunt,
957 2280 992 2338 ut
1018 2277 1088 2354 pati
1113 2281 1202 2341 talia

225 2371 390 2442 ›debeat,
412 2371 502 2430 Petri
524 2374 627 2430 tamen
649 2370 796 2448 Apostoli
824 2375 953 2448 peccata
980 2370 1071 2432 nulla
1092 2378 1201 2442 suut,

224 2480 296 2523 »ue
317 2462 433 2524 restris
461 2463 653 2540 temporibus
674 2465 740 2540 pati
761 2465 825 2524 ista
837 2467 1010 2525 mereatur.
1027 2466 1122 2526 Unde
1139 2468 1203 2528 ite-

223 2573 328 2616 arum
350 2574 406 2634 per
426 2557 674 2634 omnipotentem
693 2557 859 2618 Dominum
880 2575 968 2635 rogo,
985 2563 1021 2618 ut
1035 2558 1124 2620 sicut
1138 2563 1204 2622 Pa·

225 2653 364 2732 »rentes
391 2649 516 2727 priores
542 2649 644 2709 vestri
668 2649 831 2727 'principes
859 2651 892 2710 S.
922 2651 1013 2711 Petri
1038 2652 1201 2729 Apostoli

224 2743 393 2823 »gratiam
415 2744 635 2821 quaesierunt3
657 2743 704 2804 ita
726 2762 782 2803 vos
802 2760 922 2821 quoque
943 2749 977 2804 et
991 2746 1198 2807 hancvobis

225 2853 408 2914 »quaerere
429 2839 463 2896 et
483 2853 669 2898 conservare
690 2836 830 2910 curetis,
852 2843 886 2898 et
905 2840 1039 2916 propter
1059 2845 1201 2916 pacem

225 2928 388 3002 »Nostra
411 2929 464 3006 qui
485 2929 514 2989 ei
536 2929 664 3006 indigne
685 2929 852 3003 servimus,
868 2930 936 2990 eius
957 2933 1037 3008 apud
1060 2949 1121 2990 ves
1136 2933 1202 2992 ho-

225 3039 315 3082 »nor
336 3022 519 3083 nullatenus
533 3023 705 3101 minuatur,
720 3023 773 3100 qui
794 3026 828 3083 et
845 3026 936 3084 modo
951 3024 1042 3084 vobis
1062 3024 1202 3085 adiutor

289 3222 324 3278 (1)
342 3241 355 3262 u
366 3221 455 3270 Novus
470 3221 611 3282 Episcopus
626 3235 679 3270 non
693 3223 787 3283 poterit
803 3223 836 3271 ad
852 3225 949 3283 Papam
964 3237 1105 3282 recurrere,
1118 3229 1155 3273 ut
1165 3228 1203 3275 ab

227 3316 240 3339 n
256 3309 286 3345 so
302 3297 383 3344 ullam
399 3297 615 3345 confirmationem
632 3298 754 3356 obtineat,
767 3298 813 3347 sed
828 3297 862 3346 ad
878 3311 937 3346 eum
952 3299 1056 3357 scribet,
1074 3300 1152 3348 velut
1164 3302 1201 3350 sd

226 3393 238 3416 n
256 3374 339 3433 caput
353 3373 456 3422 visibile
470 3373 601 3422 Ecclesiae
616 3373 779 3431 universalis,
800 3373 828 3421 ln
847 3373 1022 3422 testimouium
1036 3375 1150 3423 amaus
1170 3379 1204 3424 fl-

226 3469 239 3492 »
252 3449 305 3514 101,
323 3450 349 3496 et
358 3447 556 3505 commanis,
574 3460 650 3506 quam
665 3446 740 3496 debet
755 3461 813 3496 cum
828 3460 859 3496 co
874 3448 1011 3496 reflueret»

289 3527 324 3581 (2)
340 3525 422 3585 Epist.
439 3525 506 3582 m,
519 3524 564 3571 llb.
576 3525 624 3582 111,
634 3536 693 3586 pag.
706 3524 762 3583 151,
772 3526 835 3573 tom.
846 3527 881 3583 11,
893 3523 1035 3584 operretlit.
1046 3525 1164 3576 llaurin.
