<?xml version="1.0" encoding="UTF-8"?>
<!DOCTYPE html PUBLIC "-//W3C//DTD XHTML 1.0 Transitional//EN"
    "http://www.w3.org/TR/xhtml1/DTD/xhtml1-transitional.dtd">
<html xmlns="http://www.w3.org/1999/xhtml" xml:lang="en" lang="en">
 <head>
  <title>
</title>
<meta http-equiv="Content-Type" content="text/html;charset=utf-8" />
  <meta name='ocr-system' content='tesseract 3.04.00' />
  <meta name='ocr-capabilities' content='ocr_page ocr_carea ocr_par ocr_line ocrx_word'/>
</head>
<body>
  <div class='ocr_page' id='page_1' title='image "./piivipontmaxact00piusgoog_0365.png"; bbox 0 0 2492 4202; ppageno 0'>
   <div class='ocr_carea' id='block_1_1' title="bbox 232 327 1209 3496">
    <p class='ocr_par' dir='ltr' id='par_1_1' title="bbox 241 327 1199 497">
     <span class='ocr_line' id='line_1_1' title="bbox 243 327 1199 404; baseline 0.005 -23"><span class='ocrx_word' id='word_1_1' title='bbox 243 333 391 397; x_wconf 74' lang='lat' dir='ltr'><strong>eentum,</strong></span> <span class='ocrx_word' id='word_1_2' title='bbox 414 328 484 386; x_wconf 80' lang='lat' dir='ltr'><strong>nisi</strong></span> <span class='ocrx_word' id='word_1_3' title='bbox 504 329 620 386; x_wconf 70' lang='lat' dir='ltr'><strong>tutem</strong></span> <span class='ocrx_word' id='word_1_4' title='bbox 640 329 677 386; x_wconf 79' lang='lat' dir='ltr'><strong>io</strong></span> <span class='ocrx_word' id='word_1_5' title='bbox 701 343 738 387; x_wconf 85' lang='lat' dir='ltr'><strong>eo</strong></span> <span class='ocrx_word' id='word_1_6' title='bbox 757 329 917 404; x_wconf 69' lang='lat' dir='ltr'><strong>mapsam</strong></span> <span class='ocrx_word' id='word_1_7' title='bbox 938 327 1077 404; x_wconf 64' lang='lat' dir='ltr'><strong>aliqum</strong></span> <span class='ocrx_word' id='word_1_8' title='bbox 1099 345 1199 388; x_wconf 78' lang='lat' dir='ltr'><strong>suora-</strong></span> 
     </span>
     <span class='ocr_line' id='line_1_2' title="bbox 241 419 459 497; baseline -0.005 -17"><span class='ocrx_word' id='word_1_9' title='bbox 241 427 387 480; x_wconf 79' lang='lat' dir='ltr'><strong>mcntum</strong></span> <span class='ocrx_word' id='word_1_10' title='bbox 400 419 459 497; x_wconf 91' lang='lat'>(1).</span> 
     </span>
    </p>

    <p class='ocr_par' dir='ltr' id='par_1_2' title="bbox 232 513 1209 3496">
     <span class='ocr_line' id='line_1_3' title="bbox 302 513 1201 591; baseline 0.002 -19"><span class='ocrx_word' id='word_1_11' title='bbox 302 513 505 590; x_wconf 82' lang='lat' dir='ltr'><strong>Sequestros,</strong></span> <span class='ocrx_word' id='word_1_12' title='bbox 529 516 565 573; x_wconf 89' lang='lat' dir='ltr'><strong>et</strong></span> <span class='ocrx_word' id='word_1_13' title='bbox 583 513 728 573; x_wconf 87' lang='lat' dir='ltr'><strong>caelestis</strong></span> <span class='ocrx_word' id='word_1_14' title='bbox 752 513 876 591; x_wconf 79' lang='lat' dir='ltr'><strong>gratiae</strong></span> <span class='ocrx_word' id='word_1_15' title='bbox 899 514 1124 576; x_wconf 72' lang='lat' dir='ltr'><strong>conciliatores</strong></span> <span class='ocrx_word' id='word_1_16' title='bbox 1142 515 1201 574; x_wconf 89' lang='lat' dir='ltr'><strong>Nos</strong></span> 
     </span>
     <span class='ocr_line' id='line_1_4' title="bbox 241 605 1201 684; baseline -0.001 -17"><span class='ocrx_word' id='word_1_17' title='bbox 241 605 461 683; x_wconf 87' lang='lat' dir='ltr'><strong>assumpsimus</strong></span> <span class='ocrx_word' id='word_1_18' title='bbox 482 611 554 683; x_wconf 87' lang='lat' dir='ltr'><strong>post</strong></span> <span class='ocrx_word' id='word_1_19' title='bbox 573 606 824 683; x_wconf 82' lang='lat' dir='ltr'><strong>potentissimam</strong></span> <span class='ocrx_word' id='word_1_20' title='bbox 843 607 902 668; x_wconf 77' lang='lat' dir='ltr'><strong>Dei</strong></span> <span class='ocrx_word' id='word_1_21' title='bbox 921 610 1072 680; x_wconf 84' lang='lat' dir='ltr'><strong>Matrem,</strong></span> <span class='ocrx_word' id='word_1_22' title='bbox 1092 607 1201 684; x_wconf 66' lang='lat' dir='ltr'><strong>ipsum</strong></span> 
     </span>
     <span class='ocr_line' id='line_1_5' title="bbox 241 699 1204 778; baseline 0 -18"><span class='ocrx_word' id='word_1_23' title='bbox 241 717 333 778; x_wconf 88' lang='lat' dir='ltr'><strong>quem</strong></span> <span class='ocrx_word' id='word_1_24' title='bbox 354 699 608 770; x_wconf 75' lang='lat' dir='ltr'><strong>memoravimus,</strong></span> <span class='ocrx_word' id='word_1_25' title='bbox 623 701 661 760; x_wconf 92' lang='lat' dir='ltr'><strong>B.</strong></span> <span class='ocrx_word' id='word_1_26' title='bbox 677 700 822 772; x_wconf 86' lang='lat' dir='ltr'><strong>Petrum,</strong></span> <span class='ocrx_word' id='word_1_27' title='bbox 841 703 1002 762; x_wconf 81' lang='lat' dir='ltr'><strong>Romanae</strong></span> <span class='ocrx_word' id='word_1_28' title='bbox 1025 702 1204 760; x_wconf 77' lang='lat' dir='ltr'><strong>universae·</strong></span> 
     </span>
     <span class='ocr_line' id='line_1_6' title="bbox 241 791 1205 872; baseline 0.002 -19"><span class='ocrx_word' id='word_1_29' title='bbox 241 811 301 872; x_wconf 89' lang='lat' dir='ltr'><strong>que</strong></span> <span class='ocrx_word' id='word_1_30' title='bbox 321 791 481 853; x_wconf 84' lang='lat' dir='ltr'><strong>Ecclesiae</strong></span> <span class='ocrx_word' id='word_1_31' title='bbox 494 793 747 866; x_wconf 81' lang='lat' dir='ltr'><strong>fundamentum,</strong></span> <span class='ocrx_word' id='word_1_32' title='bbox 761 811 799 854; x_wconf 91' lang='lat' dir='ltr'><strong>ao</strong></span> <span class='ocrx_word' id='word_1_33' title='bbox 812 794 846 854; x_wconf 87' lang='lat' dir='ltr'><strong>S.</strong></span> <span class='ocrx_word' id='word_1_34' title='bbox 862 795 955 855; x_wconf 88' lang='lat' dir='ltr'><strong>Pium</strong></span> <span class='ocrx_word' id='word_1_35' title='bbox 976 796 1006 854; x_wconf 89' lang='lat' dir='ltr'><strong>V</strong></span> <span class='ocrx_word' id='word_1_36' title='bbox 1026 796 1205 872; x_wconf 81' lang='lat' dir='ltr'><strong>praedeces¹</strong></span> 
     </span>
     <span class='ocr_line' id='line_1_7' title="bbox 241 885 1205 963; baseline 0.001 -16"><span class='ocrx_word' id='word_1_37' title='bbox 241 903 342 947; x_wconf 87' lang='lat' dir='ltr'><strong>sorem</strong></span> <span class='ocrx_word' id='word_1_38' title='bbox 362 887 531 959; x_wconf 87' lang='lat' dir='ltr'><strong>Nostrum,</strong></span> <span class='ocrx_word' id='word_1_39' title='bbox 553 885 607 963; x_wconf 92' lang='lat' dir='ltr'><strong>qni</strong></span> <span class='ocrx_word' id='word_1_40' title='bbox 632 889 784 963; x_wconf 90' lang='lat' dir='ltr'><strong>quantum</strong></span> <span class='ocrx_word' id='word_1_41' title='bbox 805 888 844 946; x_wconf 92' lang='lat' dir='ltr'><strong>ad</strong></span> <span class='ocrx_word' id='word_1_42' title='bbox 865 890 1074 948; x_wconf 85' lang='lat' dir='ltr'><strong>conterendos</strong></span> <span class='ocrx_word' id='word_1_43' title='bbox 1094 889 1205 949; x_wconf 80' lang='lat' dir='ltr'><strong>Euole-</strong></span> 
     </span>
     <span class='ocr_line' id='line_1_8' title="bbox 241 981 1203 1059; baseline 0 -17"><span class='ocrx_word' id='word_1_44' title='bbox 241 982 306 1042; x_wconf 85' lang='lat' dir='ltr'><strong>riae</strong></span> <span class='ocrx_word' id='word_1_45' title='bbox 326 982 433 1041; x_wconf 79' lang='lat' dir='ltr'><strong>hostes</strong></span> <span class='ocrx_word' id='word_1_46' title='bbox 451 981 582 1052; x_wconf 86' lang='lat' dir='ltr'><strong>orando,</strong></span> <span class='ocrx_word' id='word_1_47' title='bbox 596 981 776 1057; x_wconf 83' lang='lat' dir='ltr'><strong>agendoque</strong></span> <span class='ocrx_word' id='word_1_48' title='bbox 796 982 878 1058; x_wconf 89' lang='lat' dir='ltr'><strong>apud</strong></span> <span class='ocrx_word' id='word_1_49' title='bbox 891 984 994 1042; x_wconf 82' lang='lat' dir='ltr'><strong>ileum</strong></span> <span class='ocrx_word' id='word_1_50' title='bbox 1009 983 1203 1059; x_wconf 73' lang='lat' dir='ltr'><strong>profecisset,</strong></span> 
     </span>
     <span class='ocr_line' id='line_1_9' title="bbox 240 1073 1205 1152; baseline 0.002 -18"><span class='ocrx_word' id='word_1_51' title='bbox 240 1091 311 1135; x_wconf 88' lang='lat' dir='ltr'><strong>cum</strong></span> <span class='ocrx_word' id='word_1_52' title='bbox 338 1091 414 1152; x_wconf 89' lang='lat' dir='ltr'><strong>prae</strong></span> <span class='ocrx_word' id='word_1_53' title='bbox 439 1073 539 1134; x_wconf 90' lang='lat' dir='ltr'><strong>oculis</strong></span> <span class='ocrx_word' id='word_1_54' title='bbox 562 1073 760 1144; x_wconf 89' lang='lat' dir='ltr'><strong>haberemus,</strong></span> <span class='ocrx_word' id='word_1_55' title='bbox 781 1074 920 1133; x_wconf 87' lang='lat' dir='ltr'><strong>eiusdem</strong></span> <span class='ocrx_word' id='word_1_56' title='bbox 944 1075 1045 1136; x_wconf 82' lang='lat' dir='ltr'><strong>Nobis</strong></span> <span class='ocrx_word' id='word_1_57' title='bbox 1070 1076 1205 1152; x_wconf 87' lang='lat' dir='ltr'><strong>patroci-</strong></span> 
     </span>
     <span class='ocr_line' id='line_1_10' title="bbox 240 1163 1204 1246; baseline 0 -18"><span class='ocrx_word' id='word_1_58' title='bbox 240 1167 327 1230; x_wconf 87' lang='lat' dir='ltr'><strong>nium</strong></span> <span class='ocrx_word' id='word_1_59' title='bbox 348 1168 520 1246; x_wconf 87' lang='lat' dir='ltr'><strong>implorare</strong></span> <span class='ocrx_word' id='word_1_60' title='bbox 533 1166 671 1227; x_wconf 82' lang='lat' dir='ltr'><strong>maxime</strong></span> <span class='ocrx_word' id='word_1_61' title='bbox 684 1166 717 1224; x_wconf 91' lang='lat' dir='ltr'><strong>in</strong></span> <span class='ocrx_word' id='word_1_62' title='bbox 730 1163 803 1242; x_wconf 90' lang='lat' dir='ltr'><strong>pari</strong></span> <span class='ocrx_word' id='word_1_63' title='bbox 816 1183 910 1226; x_wconf 77' lang='lat' dir='ltr'><strong>musa</strong></span> <span class='ocrx_word' id='word_1_64' title='bbox 923 1171 1139 1244; x_wconf 85' lang='lat' dir='ltr'><strong>opportunum</strong></span> <span class='ocrx_word' id='word_1_65' title='bbox 1154 1169 1204 1228; x_wconf 90' lang='lat' dir='ltr'><strong>du·</strong></span> 
     </span>
     <span class='ocr_line' id='line_1_11' title="bbox 239 1239 1202 1337; baseline -0.006 -11"><span class='ocrx_word' id='word_1_66' title='bbox 239 1279 397 1326; x_wconf 68' lang='lat' dir='ltr'><strong>seramus.</strong></span> <span class='ocrx_word' id='word_1_67' title='bbox 420 1259 481 1321; x_wconf 90' lang='lat' dir='ltr'><strong>Ille</strong></span> <span class='ocrx_word' id='word_1_68' title='bbox 503 1260 627 1337; x_wconf 89' lang='lat' dir='ltr'><strong>quidem</strong></span> <span class='ocrx_word' id='word_1_69' title='bbox 645 1263 687 1318; x_wconf 83' lang='lat' dir='ltr'><strong>et</strong></span> <span class='ocrx_word' id='word_1_70' title='bbox 702 1239 867 1335; x_wconf 64' lang='lat' dir='ltr'><strong>precihus,</strong></span> <span class='ocrx_word' id='word_1_71' title='bbox 889 1262 924 1320; x_wconf 88' lang='lat' dir='ltr'><strong>et</strong></span> <span class='ocrx_word' id='word_1_72' title='bbox 947 1263 1052 1320; x_wconf 77' lang='lat' dir='ltr'><strong>amis</strong></span> <span class='ocrx_word' id='word_1_73' title='bbox 1073 1262 1202 1322; x_wconf 84' lang='lat' dir='ltr'><strong>hostiles</strong></span> 
     </span>
     <span class='ocr_line' id='line_1_12' title="bbox 238 1355 1197 1435; baseline 0.001 -17"><span class='ocrx_word' id='word_1_74' title='bbox 238 1358 376 1435; x_wconf 89' lang='lat' dir='ltr'><strong>impetus</strong></span> <span class='ocrx_word' id='word_1_75' title='bbox 395 1355 576 1433; x_wconf 68' lang='lat' dir='ltr'><strong>impetratis</strong></span> <span class='ocrx_word' id='word_1_76' title='bbox 595 1375 615 1417; x_wconf 87' lang='lat' dir='ltr'><strong>a</strong></span> <span class='ocrx_word' id='word_1_77' title='bbox 634 1358 698 1415; x_wconf 92' lang='lat' dir='ltr'><strong>Dec</strong></span> <span class='ocrx_word' id='word_1_78' title='bbox 717 1355 864 1415; x_wconf 77' lang='lat' dir='ltr'><strong>victoriis</strong></span> <span class='ocrx_word' id='word_1_79' title='bbox 885 1357 1107 1435; x_wconf 69' lang='lat' dir='ltr'><strong>propulsabat.</strong></span> <span class='ocrx_word' id='word_1_80' title='bbox 1129 1361 1197 1419; x_wconf 80' lang='lat' dir='ltr'><strong>lium</strong></span> 
     </span>
     <span class='ocr_line' id='line_1_13' title="bbox 238 1449 1201 1530; baseline 0 -20"><span class='ocrx_word' id='word_1_81' title='bbox 238 1451 341 1530; x_wconf 91' lang='lat' dir='ltr'><strong>ipsum</strong></span> <span class='ocrx_word' id='word_1_82' title='bbox 361 1449 460 1512; x_wconf 90' lang='lat' dir='ltr'><strong>Nobis</strong></span> <span class='ocrx_word' id='word_1_83' title='bbox 480 1455 514 1510; x_wconf 91' lang='lat' dir='ltr'><strong>et</strong></span> <span class='ocrx_word' id='word_1_84' title='bbox 532 1450 703 1523; x_wconf 90' lang='lat' dir='ltr'><strong>orandum,</strong></span> <span class='ocrx_word' id='word_1_85' title='bbox 718 1453 753 1509; x_wconf 91' lang='lat' dir='ltr'><strong>et</strong></span> <span class='ocrx_word' id='word_1_86' title='bbox 765 1449 954 1510; x_wconf 89' lang='lat' dir='ltr'><strong>imitandum</strong></span> <span class='ocrx_word' id='word_1_87' title='bbox 967 1452 1201 1528; x_wconf 83' lang='lat' dir='ltr'><strong>proposuimus,</strong></span> 
     </span>
     <span class='ocr_line' id='line_1_14' title="bbox 239 1542 1204 1620; baseline 0.002 -16"><span class='ocrx_word' id='word_1_88' title='bbox 239 1561 275 1604; x_wconf 86' lang='lat' dir='ltr'><strong>ao</strong></span> <span class='ocrx_word' id='word_1_89' title='bbox 288 1545 327 1604; x_wconf 88' lang='lat' dir='ltr'><strong>ad</strong></span> <span class='ocrx_word' id='word_1_90' title='bbox 341 1543 487 1616; x_wconf 88' lang='lat' dir='ltr'><strong>iteratus,</strong></span> <span class='ocrx_word' id='word_1_91' title='bbox 499 1561 598 1619; x_wconf 88' lang='lat' dir='ltr'><strong>neque</strong></span> <span class='ocrx_word' id='word_1_92' title='bbox 609 1542 868 1602; x_wconf 69' lang='lat' dir='ltr'><strong>intermittendus</strong></span> <span class='ocrx_word' id='word_1_93' title='bbox 881 1560 989 1620; x_wconf 89' lang='lat' dir='ltr'><strong>preces</strong></span> <span class='ocrx_word' id='word_1_94' title='bbox 1004 1561 1097 1604; x_wconf 76' lang='lat' dir='ltr'><strong>arm</strong></span> <span class='ocrx_word' id='word_1_95' title='bbox 1110 1545 1204 1606; x_wconf 83' lang='lat' dir='ltr'><strong>etiam</strong></span> 
     </span>
     <span class='ocr_line' id='line_1_15' title="bbox 238 1636 1206 1717; baseline -0.002 -17"><span class='ocrx_word' id='word_1_96' title='bbox 238 1637 450 1717; x_wconf 84' lang='lat' dir='ltr'><strong>adiungimus.</strong></span> <span class='ocrx_word' id='word_1_97' title='bbox 473 1637 617 1714; x_wconf 77' lang='lat' dir='ltr'><strong>cogimus</strong></span> <span class='ocrx_word' id='word_1_98' title='bbox 642 1636 800 1697; x_wconf 85' lang='lat' dir='ltr'><strong>militares</strong></span> <span class='ocrx_word' id='word_1_99' title='bbox 827 1637 951 1714; x_wconf 87' lang='lat' dir='ltr'><strong>copias,</strong></span> <span class='ocrx_word' id='word_1_100' title='bbox 971 1638 1086 1714; x_wconf 89' lang='lat' dir='ltr'><strong>quibus</strong></span> <span class='ocrx_word' id='word_1_101' title='bbox 1108 1640 1206 1698; x_wconf 85' lang='lat' dir='ltr'><strong>mari-</strong></span> 
     </span>
     <span class='ocr_line' id='line_1_16' title="bbox 238 1731 1208 1809; baseline 0.002 -17"><span class='ocrx_word' id='word_1_102' title='bbox 238 1732 334 1792; x_wconf 88' lang='lat' dir='ltr'><strong>timas</strong></span> <span class='ocrx_word' id='word_1_103' title='bbox 352 1731 511 1791; x_wconf 88' lang='lat' dir='ltr'><strong>munimus</strong></span> <span class='ocrx_word' id='word_1_104' title='bbox 532 1747 622 1802; x_wconf 86' lang='lat' dir='ltr'><strong>oras,</strong></span> <span class='ocrx_word' id='word_1_105' title='bbox 645 1748 744 1807; x_wconf 89' lang='lat' dir='ltr'><strong>neque</strong></span> <span class='ocrx_word' id='word_1_106' title='bbox 772 1731 831 1790; x_wconf 90' lang='lat' dir='ltr'><strong>ulli</strong></span> <span class='ocrx_word' id='word_1_107' title='bbox 851 1731 1009 1808; x_wconf 87' lang='lat' dir='ltr'><strong>parcimus</strong></span> <span class='ocrx_word' id='word_1_108' title='bbox 1027 1749 1144 1809; x_wconf 82' lang='lat' dir='ltr'><strong>operae</strong></span> <span class='ocrx_word' id='word_1_109' title='bbox 1173 1751 1208 1794; x_wconf 86' lang='lat' dir='ltr'><strong>ao</strong></span> 
     </span>
     <span class='ocr_line' id='line_1_17' title="bbox 237 1822 1208 1902; baseline 0.002 -16"><span class='ocrx_word' id='word_1_110' title='bbox 237 1825 396 1902; x_wconf 87' lang='lat' dir='ltr'><strong>sumptui,</strong></span> <span class='ocrx_word' id='word_1_111' title='bbox 419 1842 480 1901; x_wconf 91' lang='lat' dir='ltr'><strong>quo</strong></span> <span class='ocrx_word' id='word_1_112' title='bbox 500 1822 677 1884; x_wconf 86' lang='lat' dir='ltr'><strong>commissos</strong></span> <span class='ocrx_word' id='word_1_113' title='bbox 704 1824 807 1883; x_wconf 81' lang='lat' dir='ltr'><strong>anso</strong></span> <span class='ocrx_word' id='word_1_114' title='bbox 833 1824 986 1899; x_wconf 83' lang='lat' dir='ltr'><strong>potestati</strong></span> <span class='ocrx_word' id='word_1_115' title='bbox 1010 1825 1149 1885; x_wconf 84' lang='lat' dir='ltr'><strong>Nostrae</strong></span> <span class='ocrx_word' id='word_1_116' title='bbox 1172 1845 1208 1888; x_wconf 86' lang='lat' dir='ltr'><strong>ae</strong></span> 
     </span>
     <span class='ocr_line' id='line_1_18' title="bbox 238 1916 1209 1996; baseline 0.002 -17"><span class='ocrx_word' id='word_1_117' title='bbox 238 1919 359 1980; x_wconf 84' lang='lat' dir='ltr'><strong>tutelae</strong></span> <span class='ocrx_word' id='word_1_118' title='bbox 393 1918 524 1995; x_wconf 90' lang='lat' dir='ltr'><strong>populos</strong></span> <span class='ocrx_word' id='word_1_119' title='bbox 551 1917 655 1977; x_wconf 84' lang='lat' dir='ltr'><strong>ssalvo</strong></span> <span class='ocrx_word' id='word_1_120' title='bbox 682 1916 936 1994; x_wconf 80' lang='lat' dir='ltr'><strong>incolumesque,</strong></span> <span class='ocrx_word' id='word_1_121' title='bbox 962 1920 1066 1995; x_wconf 88' lang='lat' dir='ltr'><strong>quoad</strong></span> <span class='ocrx_word' id='word_1_122' title='bbox 1093 1937 1209 1996; x_wconf 86' lang='lat' dir='ltr'><strong>possu-</strong></span> 
     </span>
     <span class='ocr_line' id='line_1_19' title="bbox 237 2010 1206 2090; baseline 0.005 -18"><span class='ocrx_word' id='word_1_123' title='bbox 237 2031 325 2085; x_wconf 93' lang='lat' dir='ltr'><strong>mus,</strong></span> <span class='ocrx_word' id='word_1_124' title='bbox 348 2016 513 2083; x_wconf 87' lang='lat' dir='ltr'><strong>tueamur,</strong></span> <span class='ocrx_word' id='word_1_125' title='bbox 529 2030 596 2072; x_wconf 82' lang='lat' dir='ltr'><strong>uon</strong></span> <span class='ocrx_word' id='word_1_126' title='bbox 619 2011 681 2072; x_wconf 90' lang='lat' dir='ltr'><strong>iam</strong></span> <span class='ocrx_word' id='word_1_127' title='bbox 698 2010 781 2072; x_wconf 78' lang='lat' dir='ltr'><strong>alios</strong></span> <span class='ocrx_word' id='word_1_128' title='bbox 801 2013 1029 2088; x_wconf 77' lang='lat' dir='ltr'><strong>oppugnando,</strong></span> <span class='ocrx_word' id='word_1_129' title='bbox 1054 2017 1108 2074; x_wconf 88' lang='lat' dir='ltr'><strong>sed</strong></span> <span class='ocrx_word' id='word_1_130' title='bbox 1128 2033 1206 2090; x_wconf 86' lang='lat' dir='ltr'><strong>ras,</strong></span> 
     </span>
     <span class='ocr_line' id='line_1_20' title="bbox 236 2109 1206 2186; baseline 0.006 -18"><span class='ocrx_word' id='word_1_131' title='bbox 236 2110 341 2183; x_wconf 76' lang='lat' dir='ltr'><strong>vitas,</strong></span> <span class='ocrx_word' id='word_1_132' title='bbox 371 2109 524 2186; x_wconf 86' lang='lat' dir='ltr'><strong>fidemque</strong></span> <span class='ocrx_word' id='word_1_133' title='bbox 552 2115 692 2169; x_wconf 87' lang='lat' dir='ltr'><strong>nostram</strong></span> <span class='ocrx_word' id='word_1_134' title='bbox 720 2109 929 2181; x_wconf 85' lang='lat' dir='ltr'><strong>defendendo,</strong></span> <span class='ocrx_word' id='word_1_135' title='bbox 959 2113 1054 2186; x_wconf 87' lang='lat' dir='ltr'><strong>atque</strong></span> <span class='ocrx_word' id='word_1_136' title='bbox 1081 2129 1206 2174; x_wconf 86' lang='lat' dir='ltr'><strong>omnem</strong></span> 
     </span>
     <span class='ocr_line' id='line_1_21' title="bbox 236 2201 1208 2280; baseline 0.005 -18"><span class='ocrx_word' id='word_1_137' title='bbox 236 2203 276 2262; x_wconf 89' lang='lat' dir='ltr'><strong>ab</strong></span> <span class='ocrx_word' id='word_1_138' title='bbox 296 2203 354 2262; x_wconf 89' lang='lat' dir='ltr'><strong>hao</strong></span> <span class='ocrx_word' id='word_1_139' title='bbox 375 2203 443 2279; x_wconf 88' lang='lat' dir='ltr'><strong>ipsa</strong></span> <span class='ocrx_word' id='word_1_140' title='bbox 463 2203 640 2280; x_wconf 82' lang='lat' dir='ltr'><strong>Religionis</strong></span> <span class='ocrx_word' id='word_1_141' title='bbox 660 2203 739 2263; x_wconf 84' lang='lat' dir='ltr'><strong>Sede</strong></span> <span class='ocrx_word' id='word_1_142' title='bbox 753 2201 918 2280; x_wconf 82' lang='lat' dir='ltr'><strong>perfidiam</strong></span> <span class='ocrx_word' id='word_1_143' title='bbox 933 2203 1090 2277; x_wconf 85' lang='lat' dir='ltr'><strong>arcendo,</strong></span> <span class='ocrx_word' id='word_1_144' title='bbox 1107 2224 1143 2266; x_wconf 88' lang='lat' dir='ltr'><strong>ac</strong></span> <span class='ocrx_word' id='word_1_145' title='bbox 1159 2225 1208 2267; x_wconf 88' lang='lat' dir='ltr'><strong>re-</strong></span> 
     </span>
     <span class='ocr_line' id='line_1_22' title="bbox 234 2296 1207 2378; baseline 0.006 -22"><span class='ocrx_word' id='word_1_146' title='bbox 234 2296 389 2372; x_wconf 90' lang='lat' dir='ltr'><strong>pellendo.</strong></span> <span class='ocrx_word' id='word_1_147' title='bbox 415 2297 475 2356; x_wconf 86' lang='lat' dir='ltr'><strong>Sed</strong></span> <span class='ocrx_word' id='word_1_148' title='bbox 497 2297 570 2374; x_wconf 91' lang='lat' dir='ltr'><strong>quid</strong></span> <span class='ocrx_word' id='word_1_149' title='bbox 599 2297 682 2357; x_wconf 90' lang='lat' dir='ltr'><strong>ullae</strong></span> <span class='ocrx_word' id='word_1_150' title='bbox 703 2297 811 2356; x_wconf 87' lang='lat' dir='ltr'><strong>valere</strong></span> <span class='ocrx_word' id='word_1_151' title='bbox 837 2296 924 2356; x_wconf 87' lang='lat' dir='ltr'><strong>vires</strong></span> <span class='ocrx_word' id='word_1_152' title='bbox 943 2299 1105 2373; x_wconf 87' lang='lat' dir='ltr'><strong>Nostrae,</strong></span> <span class='ocrx_word' id='word_1_153' title='bbox 1131 2303 1207 2378; x_wconf 90' lang='lat' dir='ltr'><strong>qnid</strong></span> 
     </span>
     <span class='ocr_line' id='line_1_23' title="bbox 234 2389 1207 2470; baseline 0.008 -21"><span class='ocrx_word' id='word_1_154' title='bbox 234 2390 356 2450; x_wconf 88' lang='lat' dir='ltr'><strong>efficere</strong></span> <span class='ocrx_word' id='word_1_155' title='bbox 376 2391 544 2467; x_wconf 89' lang='lat' dir='ltr'><strong>poterunt,</strong></span> <span class='ocrx_word' id='word_1_156' title='bbox 568 2389 692 2450; x_wconf 85' lang='lat' dir='ltr'><strong>etiamsi</strong></span> <span class='ocrx_word' id='word_1_157' title='bbox 715 2407 896 2449; x_wconf 80' lang='lat' dir='ltr'><strong>numerous</strong></span> <span class='ocrx_word' id='word_1_158' title='bbox 917 2390 1041 2452; x_wconf 83' lang='lat' dir='ltr'><strong>virtute</strong></span> <span class='ocrx_word' id='word_1_159' title='bbox 1063 2400 1207 2470; x_wconf 89' lang='lat' dir='ltr'><strong>praesta·</strong></span> 
     </span>
     <span class='ocr_line' id='line_1_24' title="bbox 234 2482 1204 2564; baseline 0.005 -20"><span class='ocrx_word' id='word_1_160' title='bbox 234 2487 324 2555; x_wconf 90' lang='lat' dir='ltr'><strong>rent,</strong></span> <span class='ocrx_word' id='word_1_161' title='bbox 349 2482 410 2542; x_wconf 89' lang='lat' dir='ltr'><strong>nisi</strong></span> <span class='ocrx_word' id='word_1_162' title='bbox 430 2483 627 2543; x_wconf 82' lang='lat' dir='ltr'><strong>exercituum</strong></span> <span class='ocrx_word' id='word_1_163' title='bbox 648 2485 730 2542; x_wconf 90' lang='lat' dir='ltr'><strong>Deus</strong></span> <span class='ocrx_word' id='word_1_164' title='bbox 751 2483 920 2543; x_wconf 73' lang='lat' dir='ltr'><strong>suo&#39;Nobis</strong></span> <span class='ocrx_word' id='word_1_165' title='bbox 934 2485 1020 2544; x_wconf 89' lang='lat' dir='ltr'><strong>adsit</strong></span> <span class='ocrx_word' id='word_1_166' title='bbox 1033 2489 1204 2564; x_wconf 86' lang='lat' dir='ltr'><strong>praesidio,</strong></span> 
     </span>
     <span class='ocr_line' id='line_1_25' title="bbox 234 2577 1204 2656; baseline 0.007 -21"><span class='ocrx_word' id='word_1_167' title='bbox 234 2595 294 2654; x_wconf 90' lang='lat' dir='ltr'><strong>quc</strong></span> <span class='ocrx_word' id='word_1_168' title='bbox 321 2581 407 2636; x_wconf 89' lang='lat' dir='ltr'><strong>certe</strong></span> <span class='ocrx_word' id='word_1_169' title='bbox 428 2581 592 2654; x_wconf 79' lang='lat' dir='ltr'><strong>praesente</strong></span> <span class='ocrx_word' id='word_1_170' title='bbox 619 2580 654 2635; x_wconf 89' lang='lat' dir='ltr'><strong>et</strong></span> <span class='ocrx_word' id='word_1_171' title='bbox 674 2577 872 2652; x_wconf 86' lang='lat' dir='ltr'><strong>opitulante,</strong></span> <span class='ocrx_word' id='word_1_172' title='bbox 896 2597 1064 2656; x_wconf 86' lang='lat' dir='ltr'><strong>numquam</strong></span> <span class='ocrx_word' id='word_1_173' title='bbox 1084 2583 1204 2644; x_wconf 82' lang='lat' dir='ltr'><strong>virium</strong></span> 
     </span>
     <span class='ocr_line' id='line_1_26' title="bbox 232 2669 1204 2746; baseline 0.002 -12"><span class='ocrx_word' id='word_1_174' title='bbox 232 2673 420 2734; x_wconf 90' lang='lat' dir='ltr'><strong>Nostrarum</strong></span> <span class='ocrx_word' id='word_1_175' title='bbox 442 2669 594 2746; x_wconf 75' lang='lat' dir='ltr'><strong>paucitati</strong></span> <span class='ocrx_word' id='word_1_176' title='bbox 614 2672 727 2729; x_wconf 88' lang='lat' dir='ltr'><strong>contra</strong></span> <span class='ocrx_word' id='word_1_177' title='bbox 746 2669 921 2745; x_wconf 83' lang='lat' dir='ltr'><strong>quamlibet</strong></span> <span class='ocrx_word' id='word_1_178' title='bbox 934 2673 1075 2733; x_wconf 90' lang='lat' dir='ltr'><strong>hostium</strong></span> <span class='ocrx_word' id='word_1_179' title='bbox 1092 2676 1204 2736; x_wconf 88' lang='lat' dir='ltr'><strong>multi·</strong></span> 
     </span>
     <span class='ocr_line' id='line_1_27' title="bbox 234 2761 1202 2843; baseline 0.004 -18"><span class='ocrx_word' id='word_1_180' title='bbox 234 2764 375 2825; x_wconf 89' lang='lat' dir='ltr'><strong>tudinem</strong></span> <span class='ocrx_word' id='word_1_181' title='bbox 396 2763 583 2833; x_wconf 86' lang='lat' dir='ltr'><strong>diffidemus,</strong></span> <span class='ocrx_word' id='word_1_182' title='bbox 608 2761 727 2838; x_wconf 88' lang='lat' dir='ltr'><strong>ipsein</strong></span> <span class='ocrx_word' id='word_1_183' title='bbox 750 2763 808 2822; x_wconf 88' lang='lat' dir='ltr'><strong>hac</strong></span> <span class='ocrx_word' id='word_1_184' title='bbox 836 2782 890 2841; x_wconf 89' lang='lat' dir='ltr'><strong>spe</strong></span> <span class='ocrx_word' id='word_1_185' title='bbox 909 2767 1007 2826; x_wconf 90' lang='lat' dir='ltr'><strong>Nobis</strong></span> <span class='ocrx_word' id='word_1_186' title='bbox 1027 2773 1202 2843; x_wconf 88' lang='lat' dir='ltr'><strong>praeeunte</strong></span> 
     </span>
     <span class='ocr_line' id='line_1_28' title="bbox 234 2855 1201 2934; baseline 0.005 -15"><span class='ocrx_word' id='word_1_187' title='bbox 234 2859 268 2919; x_wconf 86' lang='lat' dir='ltr'><strong>S.</strong></span> <span class='ocrx_word' id='word_1_188' title='bbox 293 2858 351 2918; x_wconf 92' lang='lat' dir='ltr'><strong>Pio</strong></span> <span class='ocrx_word' id='word_1_189' title='bbox 380 2859 426 2930; x_wconf 86' lang='lat' dir='ltr'><strong>V,</strong></span> <span class='ocrx_word' id='word_1_190' title='bbox 449 2856 503 2934; x_wconf 90' lang='lat' dir='ltr'><strong>qui</strong></span> <span class='ocrx_word' id='word_1_191' title='bbox 532 2856 564 2915; x_wconf 91' lang='lat' dir='ltr'><strong>in</strong></span> <span class='ocrx_word' id='word_1_192' title='bbox 592 2855 657 2915; x_wconf 90' lang='lat' dir='ltr'><strong>suis</strong></span> <span class='ocrx_word' id='word_1_193' title='bbox 683 2857 838 2918; x_wconf 82' lang='lat' dir='ltr'><strong>Brevibus</strong></span> <span class='ocrx_word' id='word_1_194' title='bbox 861 2859 996 2919; x_wconf 83' lang='lat' dir='ltr'><strong>Litteris</strong></span> <span class='ocrx_word' id='word_1_195' title='bbox 1024 2862 1201 2923; x_wconf 87' lang='lat' dir='ltr'><strong>iubilaenm</strong></span> 
     </span>
     <span class='ocr_line' id='line_1_29' title="bbox 232 2950 1204 3032; baseline 0.004 -20"><span class='ocrx_word' id='word_1_196' title='bbox 232 2952 444 3013; x_wconf 88' lang='lat' dir='ltr'><strong>indicentibus</strong></span> <span class='ocrx_word' id='word_1_197' title='bbox 468 2951 519 3013; x_wconf 92' lang='lat' dir='ltr'><strong>die</strong></span> <span class='ocrx_word' id='word_1_198' title='bbox 544 2952 565 3012; x_wconf 79' lang='lat'>9</span> <span class='ocrx_word' id='word_1_199' title='bbox 592 2950 702 3010; x_wconf 89' lang='lat' dir='ltr'><strong>Martii</strong></span> <span class='ocrx_word' id='word_1_200' title='bbox 725 2951 823 3014; x_wconf 77' lang='lat'>1566:</span> <span class='ocrx_word' id='word_1_201' title='bbox 848 2951 940 3026; x_wconf 76' lang='lat' dir='ltr'><strong>Etsi,</strong></span> <span class='ocrx_word' id='word_1_202' title='bbox 969 2953 1095 3032; x_wconf 88' lang='lat' dir='ltr'><strong>inquit,</strong></span> <span class='ocrx_word' id='word_1_203' title='bbox 1118 2959 1204 3018; x_wconf 82' lang='lat' dir='ltr'><strong>uires</strong></span> 
     </span>
     <span class='ocr_line' id='line_1_30' title="bbox 233 3045 1202 3123; baseline 0.005 -19"><span class='ocrx_word' id='word_1_204' title='bbox 233 3045 374 3105; x_wconf 77' lang='lat' dir='ltr'><strong>hostium</strong></span> <span class='ocrx_word' id='word_1_205' title='bbox 386 3047 553 3104; x_wconf 78' lang='lat' dir='ltr'><strong>mucimus</strong></span> <span class='ocrx_word' id='word_1_206' title='bbox 566 3051 654 3115; x_wconf 80' lang='lat' dir='ltr'><strong>suut,</strong></span> <span class='ocrx_word' id='word_1_207' title='bbox 666 3052 779 3105; x_wconf 77' lang='lat' dir='ltr'><strong>tomen</strong></span> <span class='ocrx_word' id='word_1_208' title='bbox 791 3046 899 3104; x_wconf 79' lang='lat' dir='ltr'><strong>maior</strong></span> <span class='ocrx_word' id='word_1_209' title='bbox 911 3054 969 3118; x_wconf 82' lang='lat' dir='ltr'><strong>eat,</strong></span> <span class='ocrx_word' id='word_1_210' title='bbox 983 3049 1043 3123; x_wconf 82' lang='lat' dir='ltr'><strong>qui</strong></span> <span class='ocrx_word' id='word_1_211' title='bbox 1052 3050 1091 3108; x_wconf 79' lang='lat' dir='ltr'><strong>in</strong></span> <span class='ocrx_word' id='word_1_212' title='bbox 1103 3050 1202 3109; x_wconf 81' lang='lat' dir='ltr'><strong>Nobis</strong></span> 
     </span>
     <span class='ocr_line' id='line_1_31' title="bbox 233 3137 1198 3216; baseline 0.005 -18"><span class='ocrx_word' id='word_1_213' title='bbox 233 3146 289 3210; x_wconf 85' lang='lat' dir='ltr'><strong>est,</strong></span> <span class='ocrx_word' id='word_1_214' title='bbox 304 3155 403 3216; x_wconf 79' lang='lat' dir='ltr'><strong>quom</strong></span> <span class='ocrx_word' id='word_1_215' title='bbox 416 3139 476 3215; x_wconf 81' lang='lat' dir='ltr'><strong>qui</strong></span> <span class='ocrx_word' id='word_1_216' title='bbox 489 3145 604 3198; x_wconf 77' lang='lat' dir='ltr'><strong>contra</strong></span> <span class='ocrx_word' id='word_1_217' title='bbox 616 3137 689 3209; x_wconf 86' lang='lat' dir='ltr'><strong>Nos,</strong></span> <span class='ocrx_word' id='word_1_218' title='bbox 699 3145 877 3214; x_wconf 78' lang='lat' dir='ltr'><strong>potensque</strong></span> <span class='ocrx_word' id='word_1_219' title='bbox 891 3147 938 3198; x_wconf 79' lang='lat' dir='ltr'><strong>est</strong></span> <span class='ocrx_word' id='word_1_220' title='bbox 951 3139 1115 3202; x_wconf 77' lang='lat' dir='ltr'><strong>Dominus</strong></span> <span class='ocrx_word' id='word_1_221' title='bbox 1131 3151 1198 3203; x_wconf 85' lang='lat' dir='ltr'><strong>tum</strong></span> 
     </span>
     <span class='ocr_line' id='line_1_32' title="bbox 234 3231 1199 3310; baseline 0.008 -22"><span class='ocrx_word' id='word_1_222' title='bbox 234 3232 271 3288; x_wconf 79' lang='lat' dir='ltr'><strong>ia</strong></span> <span class='ocrx_word' id='word_1_223' title='bbox 289 3233 405 3306; x_wconf 81' lang='lat' dir='ltr'><strong>paucis</strong></span> <span class='ocrx_word' id='word_1_224' title='bbox 424 3233 562 3302; x_wconf 82' lang='lat' dir='ltr'><strong>sulcare,</strong></span> <span class='ocrx_word' id='word_1_225' title='bbox 579 3249 678 3310; x_wconf 80' lang='lat' dir='ltr'><strong>quam</strong></span> <span class='ocrx_word' id='word_1_226' title='bbox 699 3233 737 3290; x_wconf 76' lang='lat' dir='ltr'><strong>in</strong></span> <span class='ocrx_word' id='word_1_227' title='bbox 756 3231 891 3290; x_wconf 67' lang='lat' dir='ltr'><strong>multis?</strong></span> <span class='ocrx_word' id='word_1_228' title='bbox 907 3233 941 3292; x_wconf 92' lang='lat' dir='ltr'><strong>In</strong></span> <span class='ocrx_word' id='word_1_229' title='bbox 964 3233 1055 3294; x_wconf 86' lang='lat' dir='ltr'><strong>illius</strong></span> <span class='ocrx_word' id='word_1_230' title='bbox 1077 3236 1199 3297; x_wconf 88' lang='lat' dir='ltr'><strong>scilieet</strong></span> 
     </span>
     <span class='ocr_line' id='line_1_33' title="bbox 233 3324 1198 3402; baseline 0.008 -21"><span class='ocrx_word' id='word_1_231' title='bbox 233 3341 326 3382; x_wconf 88' lang='lat' dir='ltr'><strong>manu</strong></span> <span class='ocrx_word' id='word_1_232' title='bbox 342 3324 428 3384; x_wconf 81' lang='lat' dir='ltr'><strong>venti</strong></span> <span class='ocrx_word' id='word_1_233' title='bbox 444 3327 707 3402; x_wconf 86' lang='lat' dir='ltr'><strong>tempestatesque</strong></span> <span class='ocrx_word' id='word_1_234' title='bbox 724 3326 810 3398; x_wconf 88' lang='lat' dir='ltr'><strong>sunt,</strong></span> <span class='ocrx_word' id='word_1_235' title='bbox 823 3324 879 3385; x_wconf 90' lang='lat' dir='ltr'><strong>ille</strong></span> <span class='ocrx_word' id='word_1_236' title='bbox 893 3329 1078 3390; x_wconf 88' lang='lat' dir='ltr'><strong>moderatur</strong></span> <span class='ocrx_word' id='word_1_237' title='bbox 1092 3349 1198 3392; x_wconf 86' lang='lat' dir='ltr'><strong>omnes</strong></span> 
     </span>
     <span class='ocr_line' id='line_1_34' title="bbox 233 3416 1201 3496; baseline 0.007 -21"><span class='ocrx_word' id='word_1_238' title='bbox 233 3416 385 3476; x_wconf 86' lang='lat' dir='ltr'><strong>bellorum</strong></span> <span class='ocrx_word' id='word_1_239' title='bbox 407 3419 678 3495; x_wconf 82' lang='lat' dir='ltr'><strong>opportunitates,</strong></span> <span class='ocrx_word' id='word_1_240' title='bbox 697 3417 895 3496; x_wconf 88' lang='lat' dir='ltr'><strong>minimisque</strong></span> <span class='ocrx_word' id='word_1_241' title='bbox 917 3425 1086 3485; x_wconf 88' lang='lat' dir='ltr'><strong>momentis</strong></span> <span class='ocrx_word' id='word_1_242' title='bbox 1100 3424 1201 3485; x_wconf 87' lang='lat' dir='ltr'><strong>maxi-</strong></span> 
     </span>
    </p>
   </div>
   <div class='ocr_carea' id='block_1_2' title="bbox 296 3526 946 3582">
    <p class='ocr_par' dir='ltr' id='par_1_3' title="bbox 296 3526 946 3582">
     <span class='ocr_line' id='line_1_35' title="bbox 296 3526 946 3582; baseline 0.006 -8"><span class='ocrx_word' id='word_1_243' title='bbox 296 3529 331 3582; x_wconf 84' lang='grc'><strong>(1)</strong></span> <span class='ocrx_word' id='word_1_244' title='bbox 348 3527 374 3574; x_wconf 80' lang='lat' dir='ltr'><strong>S.</strong></span> <span class='ocrx_word' id='word_1_245' title='bbox 385 3526 508 3576; x_wconf 87' lang='lat' dir='ltr'><strong>Bernard.</strong></span> <span class='ocrx_word' id='word_1_246' title='bbox 521 3528 601 3575; x_wconf 79' lang='lat' dir='ltr'><strong>Serm.</strong></span> <span class='ocrx_word' id='word_1_247' title='bbox 613 3529 647 3574; x_wconf 91' lang='lat'><strong>11.</strong></span> <span class='ocrx_word' id='word_1_248' title='bbox 659 3527 689 3575; x_wconf 89' lang='lat' dir='ltr'><strong>de</strong></span> <span class='ocrx_word' id='word_1_249' title='bbox 700 3527 821 3578; x_wconf 84' lang='lat' dir='ltr'><strong>Adventu</strong></span> <span class='ocrx_word' id='word_1_250' title='bbox 836 3530 946 3578; x_wconf 86' lang='lat' dir='ltr'><strong>Domini.</strong></span> 
     </span>
    </p>
   </div>
   <div class='ocr_carea' id='block_1_3' title="bbox 0 0 1250 4202">
    <p class='ocr_par' dir='ltr' id='par_1_4' title="bbox 0 0 1250 4202">
     <span class='ocr_line' id='line_1_36' title="bbox 0 0 1250 4202; baseline 0 3"><span class='ocrx_word' id='word_1_251' title='bbox 0 0 1250 4202; x_wconf 95' lang='lat' dir='ltr'><strong> </strong></span> 
     </span>
    </p>
   </div>
  </div>
 </body>
</html>
