<?xml version="1.0" encoding="UTF-8"?>
<!DOCTYPE html PUBLIC "-//W3C//DTD XHTML 1.0 Transitional//EN"
    "http://www.w3.org/TR/xhtml1/DTD/xhtml1-transitional.dtd">
<html xmlns="http://www.w3.org/1999/xhtml" xml:lang="en" lang="en">
 <head>
  <title>
</title>
<meta http-equiv="Content-Type" content="text/html;charset=utf-8" />
  <meta name='ocr-system' content='tesseract 3.04.00' />
  <meta name='ocr-capabilities' content='ocr_page ocr_carea ocr_par ocr_line ocrx_word'/>
</head>
<body>
  <div class='ocr_page' id='page_1' title='image "./piivipontmaxact00piusgoog_0150.png"; bbox 0 0 2386 4194; ppageno 0'>
   <div class='ocr_carea' id='block_1_1' title="bbox 10 309 968 1308">
    <p class='ocr_par' dir='ltr' id='par_1_1' title="bbox 10 309 967 1044">
     <span class='ocr_line' id='line_1_1' title="bbox 14 309 966 388; baseline -0.002 -16"><span class='ocrx_word' id='word_1_1' title='bbox 14 309 145 372; x_wconf 85' lang='lat' dir='ltr'>detiedie</span> <span class='ocrx_word' id='word_1_2' title='bbox 158 309 195 372; x_wconf 90' lang='lat'>10</span> <span class='ocrx_word' id='word_1_3' title='bbox 209 310 304 371; x_wconf 88' lang='lat' dir='ltr'>buius</span> <span class='ocrx_word' id='word_1_4' title='bbox 318 313 434 372; x_wconf 78' lang='lat' dir='ltr'>mensis</span> <span class='ocrx_word' id='word_1_5' title='bbox 451 358 460 387; x_wconf 81' lang='lat'>‚</span> <span class='ocrx_word' id='word_1_6' title='bbox 478 316 510 374; x_wconf 89' lang='lat' dir='ltr'>et</span> <span class='ocrx_word' id='word_1_7' title='bbox 531 313 581 372; x_wconf 90' lang='lat' dir='ltr'>dio</span> <span class='ocrx_word' id='word_1_8' title='bbox 605 329 678 373; x_wconf 86' lang='lat' dir='ltr'>mox</span> <span class='ocrx_word' id='word_1_9' title='bbox 696 310 874 388; x_wconf 72' lang='lat' dir='ltr'>insequenti</span> <span class='ocrx_word' id='word_1_10' title='bbox 895 327 966 370; x_wconf 91' lang='lat' dir='ltr'>cur·</span> 
     </span>
     <span class='ocr_line' id='line_1_2' title="bbox 12 402 966 484; baseline 0.001 -22"><span class='ocrx_word' id='word_1_11' title='bbox 12 402 64 462; x_wconf 86' lang='lat' dir='ltr'>sori</span> <span class='ocrx_word' id='word_1_12' title='bbox 82 403 336 464; x_wconf 82' lang='lat' dir='ltr'>extraordinario</span> <span class='ocrx_word' id='word_1_13' title='bbox 358 406 500 481; x_wconf 81' lang='lat' dir='ltr'>traditis,</span> <span class='ocrx_word' id='word_1_14' title='bbox 523 425 601 484; x_wconf 87' lang='lat' dir='ltr'>quae</span> <span class='ocrx_word' id='word_1_15' title='bbox 622 405 753 484; x_wconf 80' lang='lat' dir='ltr'>proinde</span> <span class='ocrx_word' id='word_1_16' title='bbox 775 405 966 482; x_wconf 82' lang='lat' dir='ltr'>impraesen-</span> 
     </span>
     <span class='ocr_line' id='line_1_3' title="bbox 11 496 965 576; baseline 0 -20"><span class='ocrx_word' id='word_1_17' title='bbox 11 496 115 556; x_wconf 86' lang='lat' dir='ltr'>tiurum</span> <span class='ocrx_word' id='word_1_18' title='bbox 141 496 217 558; x_wconf 81' lang='lat' dir='ltr'>istic</span> <span class='ocrx_word' id='word_1_19' title='bbox 243 497 394 576; x_wconf 78' lang='lat' dir='ltr'>vulgatae</span> <span class='ocrx_word' id='word_1_20' title='bbox 421 515 489 559; x_wconf 87' lang='lat' dir='ltr'>esee</span> <span class='ocrx_word' id='word_1_21' title='bbox 516 497 578 560; x_wconf 84' lang='lat' dir='ltr'>iam</span> <span class='ocrx_word' id='word_1_22' title='bbox 609 499 734 560; x_wconf 85' lang='lat' dir='ltr'>debent.</span> <span class='ocrx_word' id='word_1_23' title='bbox 764 498 965 574; x_wconf 74' lang='lat' dir='ltr'><strong>Quapropter</strong></span> 
     </span>
     <span class='ocr_line' id='line_1_4' title="bbox 10 589 962 672; baseline 0.001 -22"><span class='ocrx_word' id='word_1_24' title='bbox 10 589 87 650; x_wconf 83' lang='lat' dir='ltr'>lnciie</span> <span class='ocrx_word' id='word_1_25' title='bbox 107 590 229 668; x_wconf 88' lang='lat' dir='ltr'>potoris</span> <span class='ocrx_word' id='word_1_26' title='bbox 249 609 289 652; x_wconf 83' lang='lat' dir='ltr'>ex</span> <span class='ocrx_word' id='word_1_27' title='bbox 317 591 386 652; x_wconf 91' lang='lat' dir='ltr'>illis</span> <span class='ocrx_word' id='word_1_28' title='bbox 407 592 503 654; x_wconf 85' lang='lat' dir='ltr'>etiem</span> <span class='ocrx_word' id='word_1_29' title='bbox 526 594 629 654; x_wconf 86' lang='lat' dir='ltr'>tutem</span> <span class='ocrx_word' id='word_1_30' title='bbox 654 591 768 672; x_wconf 79' lang='lat' dir='ltr'>egendi</span> <span class='ocrx_word' id='word_1_31' title='bbox 791 591 962 664; x_wconf 79' lang='lat' dir='ltr'>rationem,</span> 
     </span>
     <span class='ocr_line' id='line_1_5' title="bbox 10 683 967 764; baseline -0.001 -21"><span class='ocrx_word' id='word_1_32' title='bbox 10 701 87 760; x_wconf 86' lang='lat' dir='ltr'>quem</span> <span class='ocrx_word' id='word_1_33' title='bbox 102 685 231 744; x_wconf 92' lang='lat' dir='ltr'>omnino</span> <span class='ocrx_word' id='word_1_34' title='bbox 245 685 327 746; x_wconf 89' lang='lat' dir='ltr'>inire</span> <span class='ocrx_word' id='word_1_35' title='bbox 342 685 446 760; x_wconf 85' lang='lat' dir='ltr'>debes,</span> <span class='ocrx_word' id='word_1_36' title='bbox 458 704 639 764; x_wconf 76' lang='lat' dir='ltr'>agnoscere.</span> <span class='ocrx_word' id='word_1_37' title='bbox 652 685 786 748; x_wconf 81' lang='lat' dir='ltr'>Interim</span> <span class='ocrx_word' id='word_1_38' title='bbox 794 687 859 748; x_wconf 93' lang='lat' dir='ltr'>Nos</span> <span class='ocrx_word' id='word_1_39' title='bbox 868 683 967 745; x_wconf 90' lang='lat' dir='ltr'>enimi</span> 
     </span>
     <span class='ocr_line' id='line_1_6' title="bbox 10 775 965 856; baseline 0 -20"><span class='ocrx_word' id='word_1_40' title='bbox 10 777 138 838; x_wconf 90' lang='lat' dir='ltr'>ardorem</span> <span class='ocrx_word' id='word_1_41' title='bbox 161 777 196 840; x_wconf 91' lang='lat' dir='ltr'>in</span> <span class='ocrx_word' id='word_1_42' title='bbox 219 777 425 856; x_wconf 80' lang='lat' dir='ltr'>religionem,</span> <span class='ocrx_word' id='word_1_43' title='bbox 452 782 485 840; x_wconf 88' lang='lat' dir='ltr'>et</span> <span class='ocrx_word' id='word_1_44' title='bbox 506 779 654 840; x_wconf 55' lang='lat' dir='ltr'>studium*</span> <span class='ocrx_word' id='word_1_45' title='bbox 667 780 701 840; x_wconf 93' lang='lat' dir='ltr'>in</span> <span class='ocrx_word' id='word_1_46' title='bbox 721 781 787 842; x_wconf 85' lang='lat' dir='ltr'>Nos</span> <span class='ocrx_word' id='word_1_47' title='bbox 808 780 910 838; x_wconf 85' lang='lat' dir='ltr'>Tuum</span> <span class='ocrx_word' id='word_1_48' title='bbox 933 775 965 836; x_wconf 92' lang='lat' dir='ltr'>in</span> 
     </span>
     <span class='ocr_line' id='line_1_7' title="bbox 11 869 966 952; baseline 0 -22"><span class='ocrx_word' id='word_1_49' title='bbox 11 869 125 931; x_wconf 86' lang='lat' dir='ltr'>Domino</span> <span class='ocrx_word' id='word_1_50' title='bbox 146 869 324 949; x_wconf 90' lang='lat' dir='ltr'>plurimum</span> <span class='ocrx_word' id='word_1_51' title='bbox 355 874 631 946; x_wconf 82' lang='lat' dir='ltr'>commendantes,</span> <span class='ocrx_word' id='word_1_52' title='bbox 659 873 732 934; x_wconf 85' lang='lat' dir='ltr'>Tibi</span> <span class='ocrx_word' id='word_1_53' title='bbox 761 870 966 952; x_wconf 83' lang='lat' dir='ltr'>apostolicam</span> 
     </span>
     <span class='ocr_line' id='line_1_8' title="bbox 14 961 668 1044; baseline 0.005 -21"><span class='ocrx_word' id='word_1_54' title='bbox 14 961 246 1025; x_wconf 76' lang='lat' dir='ltr'>benedictionem</span> <span class='ocrx_word' id='word_1_55' title='bbox 267 983 307 1026; x_wconf 84' lang='lat' dir='ltr'>ex</span> <span class='ocrx_word' id='word_1_56' title='bbox 328 967 432 1030; x_wconf 91' lang='lat' dir='ltr'>animo</span> <span class='ocrx_word' id='word_1_57' title='bbox 454 966 668 1044; x_wconf 87' lang='lat' dir='ltr'>impertimur.</span> 
     </span>
    </p>

    <p class='ocr_par' dir='ltr' id='par_1_2' title="bbox 13 1048 968 1308">
     <span class='ocr_line' id='line_1_9' title="bbox 58 1048 968 1137; baseline 0.001 -19"><span class='ocrx_word' id='word_1_58' title='bbox 58 1059 172 1119; x_wconf 88' lang='lat' dir='ltr'>Datum</span> <span class='ocrx_word' id='word_1_59' title='bbox 196 1061 316 1122; x_wconf 78' lang='lat' dir='ltr'>Rornae</span> <span class='ocrx_word' id='word_1_60' title='bbox 337 1059 418 1137; x_wconf 82' lang='lat' dir='ltr'>opud</span> <span class='ocrx_word' id='word_1_61' title='bbox 440 1048 591 1121; x_wconf 81' lang='lat' dir='ltr'>Sanctum</span> <span class='ocrx_word' id='word_1_62' title='bbox 610 1062 741 1122; x_wconf 88' lang='lat' dir='ltr'>Petrum</span> <span class='ocrx_word' id='word_1_63' title='bbox 764 1059 820 1120; x_wconf 89' lang='lat' dir='ltr'>sub</span> <span class='ocrx_word' id='word_1_64' title='bbox 841 1058 968 1121; x_wconf 82' lang='lat' dir='ltr'>Annulo</span> 
     </span>
     <span class='ocr_line' id='line_1_10' title="bbox 13 1147 967 1226; baseline 0.001 -17"><span class='ocrx_word' id='word_1_65' title='bbox 13 1147 182 1226; x_wconf 78' lang='lat' dir='ltr'>piscatoris,</span> <span class='ocrx_word' id='word_1_66' title='bbox 205 1151 255 1210; x_wconf 90' lang='lat' dir='ltr'>die</span> <span class='ocrx_word' id='word_1_67' title='bbox 277 1153 378 1213; x_wconf 86' lang='lat' dir='ltr'>XXX.</span> <span class='ocrx_word' id='word_1_68' title='bbox 395 1153 511 1214; x_wconf 83' lang='lat' dir='ltr'>mensis</span> <span class='ocrx_word' id='word_1_69' title='bbox 525 1153 636 1213; x_wconf 82' lang='lat' dir='ltr'>Martii</span> <span class='ocrx_word' id='word_1_70' title='bbox 651 1153 840 1216; x_wconf 83' lang='lat' dir='ltr'>MDOGXOI.</span> <span class='ocrx_word' id='word_1_71' title='bbox 856 1149 967 1212; x_wconf 88' lang='lat' dir='ltr'>Ponti-</span> 
     </span>
     <span class='ocr_line' id='line_1_11' title="bbox 15 1239 481 1308; baseline 0.015 -9"><span class='ocrx_word' id='word_1_72' title='bbox 15 1239 109 1304; x_wconf 86' lang='lat' dir='ltr'>icetns</span> <span class='ocrx_word' id='word_1_73' title='bbox 128 1244 247 1307; x_wconf 85' lang='lat' dir='ltr'>Nostri</span> <span class='ocrx_word' id='word_1_74' title='bbox 268 1247 359 1306; x_wconf 82' lang='lat' dir='ltr'>Auno</span> <span class='ocrx_word' id='word_1_75' title='bbox 379 1247 481 1308; x_wconf 87' lang='lat' dir='ltr'>XVII.</span> 
     </span>
    </p>
   </div>
   <div class='ocr_carea' id='block_1_2' title="bbox 542 1336 845 1415">
    <p class='ocr_par' dir='ltr' id='par_1_3' title="bbox 542 1336 845 1415">
     <span class='ocr_line' id='line_1_12' title="bbox 542 1336 845 1415; baseline -0.013 -15"><span class='ocrx_word' id='word_1_76' title='bbox 542 1338 646 1410; x_wconf 81' lang='lat' dir='ltr'><strong>PIUS,</strong></span> <span class='ocrx_word' id='word_1_77' title='bbox 665 1336 719 1415; x_wconf 89' lang='lat' dir='ltr'>qui</span> <span class='ocrx_word' id='word_1_78' title='bbox 740 1353 845 1414; x_wconf 82' lang='lat' dir='ltr'>supra.</span> 
     </span>
    </p>
   </div>
   <div class='ocr_carea' id='block_1_3' title="bbox 110 1561 850 1752">
    <p class='ocr_par' dir='ltr' id='par_1_4' title="bbox 110 1561 850 1752">
     <span class='ocr_line' id='line_1_13' title="bbox 406 1561 561 1620; baseline -0.013 0"><span class='ocrx_word' id='word_1_79' title='bbox 406 1561 561 1620; x_wconf 83' lang='lat' dir='ltr'>xxm.</span> 
     </span>
     <span class='ocr_line' id='line_1_14' title="bbox 110 1679 850 1752; baseline -0.007 0"><span class='ocrx_word' id='word_1_80' title='bbox 110 1681 268 1752; x_wconf 78' lang='lat' dir='ltr'>EPIST.</span> <span class='ocrx_word' id='word_1_81' title='bbox 289 1680 578 1752; x_wconf 79' lang='lat' dir='ltr'>CARDINALIS</span> <span class='ocrx_word' id='word_1_82' title='bbox 601 1681 635 1749; x_wconf 88' lang='lat' dir='ltr'>A</span> <span class='ocrx_word' id='word_1_83' title='bbox 658 1679 850 1750; x_wconf 84' lang='lat' dir='ltr'>ZELADA</span> 
     </span>
    </p>
   </div>
   <div class='ocr_carea' id='block_1_4' title="bbox 155 1860 803 2243">
    <p class='ocr_par' dir='ltr' id='par_1_5' title="bbox 155 1860 803 2243">
     <span class='ocr_line' id='line_1_15' title="bbox 205 1860 721 1922; baseline -0.004 0"><span class='ocrx_word' id='word_1_84' title='bbox 205 1879 207 1884; x_wconf 92' lang='lat'>·</span> <span class='ocrx_word' id='word_1_85' title='bbox 254 1861 434 1922; x_wconf 80' lang='lat' dir='ltr'>NlGOLAO</span> <span class='ocrx_word' id='word_1_86' title='bbox 455 1860 721 1922; x_wconf 80' lang='lat' dir='ltr'><strong>PHILIBERTIO</strong></span> 
     </span>
     <span class='ocr_line' id='line_1_16' title="bbox 155 2021 803 2103; baseline -0.008 -17"><span class='ocrx_word' id='word_1_87' title='bbox 155 2025 204 2086; x_wconf 76' lang='lat' dir='ltr'>In</span> <span class='ocrx_word' id='word_1_88' title='bbox 225 2024 423 2103; x_wconf 75' lang='lat' dir='ltr'>Episcopum</span> <span class='ocrx_word' id='word_1_89' title='bbox 445 2025 614 2102; x_wconf 73' lang='lat' dir='ltr'>illeoite‘me</span> <span class='ocrx_word' id='word_1_90' title='bbox 634 2026 731 2085; x_wconf 79' lang='lat' dir='ltr'>electo</span> <span class='ocrx_word' id='word_1_91' title='bbox 746 2021 803 2102; x_wconf 83' lang='lat'>(1).</span> 
     </span>
     <span class='ocr_line' id='line_1_17' title="bbox 277 2181 693 2243; baseline -0.005 -1"><span class='ocrx_word' id='word_1_92' title='bbox 277 2183 515 2242; x_wconf 73' lang='lat' dir='ltr'>qustmmlme</span> <span class='ocrx_word' id='word_1_93' title='bbox 534 2181 693 2243; x_wconf 84' lang='lat' dir='ltr'>Domine.</span> 
     </span>
    </p>
   </div>
   <div class='ocr_carea' id='block_1_5' title="bbox 11 2332 970 2626">
    <p class='ocr_par' dir='ltr' id='par_1_6' title="bbox 11 2332 970 2626">
     <span class='ocr_line' id='line_1_18' title="bbox 59 2332 966 2440; baseline -0.001 -15"><span class='ocrx_word' id='word_1_94' title='bbox 59 2363 139 2431; x_wconf 82' lang='lat' dir='ltr'>Quas</span> <span class='ocrx_word' id='word_1_95' title='bbox 171 2362 314 2440; x_wconf 89' lang='lat' dir='ltr'>obsequii</span> <span class='ocrx_word' id='word_1_96' title='bbox 335 2370 368 2424; x_wconf 83' lang='lat' dir='ltr'>eu</span> <span class='ocrx_word' id='word_1_97' title='bbox 392 2332 587 2424; x_wconf 80' lang='lat' dir='ltr'>oberlieniiae</span> <span class='ocrx_word' id='word_1_98' title='bbox 617 2361 862 2440; x_wconf 81' lang='lat' dir='ltr'>significationes</span> <span class='ocrx_word' id='word_1_99' title='bbox 889 2379 966 2440; x_wconf 76' lang='lat' dir='ltr'>erge</span> 
     </span>
     <span class='ocr_line' id='line_1_19' title="bbox 11 2453 970 2533; baseline 0.004 -23"><span class='ocrx_word' id='word_1_100' title='bbox 11 2453 126 2516; x_wconf 79' lang='lat' dir='ltr'>visibile</span> <span class='ocrx_word' id='word_1_101' title='bbox 148 2456 254 2532; x_wconf 85' lang='lat' dir='ltr'>Oeput</span> <span class='ocrx_word' id='word_1_102' title='bbox 275 2455 433 2517; x_wconf 81' lang='lat' dir='ltr'>Ecclesiee</span> <span class='ocrx_word' id='word_1_103' title='bbox 458 2472 533 2533; x_wconf 87' lang='lat' dir='ltr'>pree</span> <span class='ocrx_word' id='word_1_104' title='bbox 557 2473 589 2516; x_wconf 88' lang='lat' dir='ltr'>se</span> <span class='ocrx_word' id='word_1_105' title='bbox 615 2456 724 2518; x_wconf 84' lang='lat' dir='ltr'>ferunt</span> <span class='ocrx_word' id='word_1_106' title='bbox 744 2454 875 2515; x_wconf 81' lang='lat' dir='ltr'>litterae</span> <span class='ocrx_word' id='word_1_107' title='bbox 895 2461 970 2516; x_wconf 84' lang='lat' dir='ltr'>tues</span> 
     </span>
     <span class='ocr_line' id='line_1_20' title="bbox 13 2547 968 2626; baseline 0.002 -20"><span class='ocrx_word' id='word_1_108' title='bbox 13 2547 42 2606; x_wconf 86' lang='lat' dir='ltr'>ed</span> <span class='ocrx_word' id='word_1_109' title='bbox 56 2548 159 2626; x_wconf 90' lang='lat' dir='ltr'>ipsum</span> <span class='ocrx_word' id='word_1_110' title='bbox 176 2549 268 2609; x_wconf 83' lang='lat' dir='ltr'>dates</span> <span class='ocrx_word' id='word_1_111' title='bbox 283 2549 333 2608; x_wconf 82' lang='lat' dir='ltr'>die</span> <span class='ocrx_word' id='word_1_112' title='bbox 349 2548 388 2610; x_wconf 92' lang='lat'>10</span> <span class='ocrx_word' id='word_1_113' title='bbox 398 2548 566 2610; x_wconf 82' lang='lat' dir='ltr'>Februarii</span> <span class='ocrx_word' id='word_1_114' title='bbox 580 2547 673 2608; x_wconf 91' lang='lat' dir='ltr'>buius</span> <span class='ocrx_word' id='word_1_115' title='bbox 688 2548 775 2621; x_wconf 85' lang='lat' dir='ltr'>enni,</span> <span class='ocrx_word' id='word_1_116' title='bbox 791 2565 855 2620; x_wconf 87' lang='lat' dir='ltr'>ees,</span> <span class='ocrx_word' id='word_1_117' title='bbox 869 2547 968 2625; x_wconf 85' lang='lat' dir='ltr'>ipsius</span> 
     </span>
    </p>
   </div>
   <div class='ocr_carea' id='block_1_6' title="bbox 5 2667 973 3487">
    <p class='ocr_par' dir='ltr' id='par_1_7' title="bbox 5 2667 973 3487">
     <span class='ocr_line' id='line_1_21' title="bbox 58 2667 967 2728; baseline -0.004 -10"><span class='ocrx_word' id='word_1_118' title='bbox 58 2671 94 2726; x_wconf 79' lang='lat' dir='ltr'>(i)</span> <span class='ocrx_word' id='word_1_119' title='bbox 109 2670 187 2718; x_wconf 78' lang='lat' dir='ltr'>Licet</span> <span class='ocrx_word' id='word_1_120' title='bbox 205 2670 325 2728; x_wconf 79' lang='lat' dir='ltr'>llplsoopi</span> <span class='ocrx_word' id='word_1_121' title='bbox 341 2669 444 2726; x_wconf 81' lang='lat' dir='ltr'>intrusi.</span> <span class='ocrx_word' id='word_1_122' title='bbox 463 2669 548 2717; x_wconf 79' lang='lat' dir='ltr'>micale</span> <span class='ocrx_word' id='word_1_123' title='bbox 558 2668 591 2718; x_wconf 80' lang='lat' dir='ltr'>ed</span> <span class='ocrx_word' id='word_1_124' title='bbox 600 2667 686 2717; x_wconf 75' lang='lat' dir='ltr'>seriem</span> <span class='ocrx_word' id='word_1_125' title='bbox 706 2667 873 2728; x_wconf 67' lang='lat' dir='ltr'>apostolicam</span> <span class='ocrx_word' id='word_1_126' title='bbox 883 2667 967 2728; x_wconf 71' lang='lat' dir='ltr'>illegi-</span> 
     </span>
     <span class='ocr_line' id='line_1_22' title="bbox 6 2740 971 2803; baseline 0 -13"><span class='ocrx_word' id='word_1_127' title='bbox 6 2740 72 2791; x_wconf 79' lang='lat' dir='ltr'>timue</span> <span class='ocrx_word' id='word_1_128' title='bbox 81 2742 218 2794; x_wconf 79' lang='lat' dir='ltr'>electionis</span> <span class='ocrx_word' id='word_1_129' title='bbox 228 2756 289 2792; x_wconf 84' lang='lat' dir='ltr'>enee</span> <span class='ocrx_word' id='word_1_130' title='bbox 298 2744 474 2792; x_wconf 82' lang='lat' dir='ltr'>llnneietoriis</span> <span class='ocrx_word' id='word_1_131' title='bbox 490 2743 612 2803; x_wconf 78' lang='lat' dir='ltr'>llpletolin</span> <span class='ocrx_word' id='word_1_132' title='bbox 622 2742 655 2792; x_wconf 79' lang='lat' dir='ltr'>esi</span> <span class='ocrx_word' id='word_1_133' title='bbox 665 2755 783 2791; x_wconf 85' lang='lat' dir='ltr'>normem</span> <span class='ocrx_word' id='word_1_134' title='bbox 796 2743 898 2790; x_wconf 85' lang='lat' dir='ltr'>Decretl</span> <span class='ocrx_word' id='word_1_135' title='bbox 908 2743 971 2791; x_wconf 82' lang='lat' dir='ltr'>con·</span> 
     </span>
     <span class='ocr_line' id='line_1_23' title="bbox 5 2816 968 2881; baseline 0.001 -18"><span class='ocrx_word' id='word_1_136' title='bbox 5 2821 88 2866; x_wconf 82' lang='lat' dir='ltr'>rentur</span> <span class='ocrx_word' id='word_1_137' title='bbox 104 2817 253 2868; x_wconf 66' lang='lat' dir='ltr'>Rationalis</span> <span class='ocrx_word' id='word_1_138' title='bbox 260 2816 354 2880; x_wconf 78' lang='lat' dir='ltr'>(relati</span> <span class='ocrx_word' id='word_1_139' title='bbox 357 2831 425 2880; x_wconf 75' lang='lat' dir='ltr'>paq.</span> <span class='ocrx_word' id='word_1_140' title='bbox 437 2818 478 2866; x_wconf 76' lang='lat'>74.</span> <span class='ocrx_word' id='word_1_141' title='bbox 490 2817 587 2881; x_wconf 73' lang='lat' dir='ltr'>coci.)</span> <span class='ocrx_word' id='word_1_142' title='bbox 601 2819 701 2866; x_wconf 87' lang='lat' dir='ltr'>nullum</span> <span class='ocrx_word' id='word_1_143' title='bbox 709 2829 859 2878; x_wconf 80' lang='lat' dir='ltr'>responsum</span> <span class='ocrx_word' id='word_1_144' title='bbox 870 2817 903 2866; x_wconf 85' lang='lat' dir='ltr'>ub</span> <span class='ocrx_word' id='word_1_145' title='bbox 912 2817 968 2878; x_wconf 81' lang='lat' dir='ltr'>ipso</span> 
     </span>
     <span class='ocr_line' id='line_1_24' title="bbox 6 2893 972 2954; baseline 0.002 -14"><span class='ocrx_word' id='word_1_146' title='bbox 6 2893 97 2944; x_wconf 82' lang='lat' dir='ltr'>sunno</span> <span class='ocrx_word' id='word_1_147' title='bbox 117 2895 243 2944; x_wconf 83' lang='lat' dir='ltr'>Pontiflce</span> <span class='ocrx_word' id='word_1_148' title='bbox 266 2894 416 2954; x_wconf 84' lang='lat' dir='ltr'>acceperint,</span> <span class='ocrx_word' id='word_1_149' title='bbox 440 2895 607 2944; x_wconf 88' lang='lat' dir='ltr'>nihilominus</span> <span class='ocrx_word' id='word_1_150' title='bbox 625 2897 711 2944; x_wconf 84' lang='lat' dir='ltr'>temen</span> <span class='ocrx_word' id='word_1_151' title='bbox 731 2894 812 2954; x_wconf 84' lang='lat' dir='ltr'>ipsius</span> <span class='ocrx_word' id='word_1_152' title='bbox 836 2895 909 2942; x_wconf 80' lang='lat' dir='ltr'>iussu</span> <span class='ocrx_word' id='word_1_153' title='bbox 928 2893 972 2942; x_wconf 78' lang='lat' dir='ltr'>ao·</span> 
     </span>
     <span class='ocr_line' id='line_1_25' title="bbox 7 2968 970 3028; baseline 0 -10"><span class='ocrx_word' id='word_1_154' title='bbox 7 2970 85 3018; x_wconf 76' lang='lat' dir='ltr'>nonin</span> <span class='ocrx_word' id='word_1_155' title='bbox 100 2972 172 3028; x_wconf 83' lang='lat' dir='ltr'>nunt,</span> <span class='ocrx_word' id='word_1_156' title='bbox 183 2971 213 3017; x_wconf 87' lang='lat' dir='ltr'>nt</span> <span class='ocrx_word' id='word_1_157' title='bbox 232 2968 265 3018; x_wconf 80' lang='lat' dir='ltr'>ed</span> <span class='ocrx_word' id='word_1_158' title='bbox 283 2970 410 3018; x_wconf 81' lang='lat' dir='ltr'>seniorem</span> <span class='ocrx_word' id='word_1_159' title='bbox 425 2973 536 3019; x_wconf 83' lang='lat' dir='ltr'>mentem</span> <span class='ocrx_word' id='word_1_160' title='bbox 552 2969 672 3018; x_wconf 79' lang='lat' dir='ltr'>redirent.</span> <span class='ocrx_word' id='word_1_161' title='bbox 695 2969 865 3018; x_wconf 79' lang='lat' dir='ltr'>Inluouninm</span> <span class='ocrx_word' id='word_1_162' title='bbox 885 2971 970 3019; x_wconf 70' lang='lat' dir='ltr'>unum</span> 
     </span>
     <span class='ocr_line' id='line_1_26' title="bbox 6 3037 971 3109; baseline 0.005 -16"><span class='ocrx_word' id='word_1_163' title='bbox 6 3050 114 3097; x_wconf 86' lang='lat' dir='ltr'>nonlore</span> <span class='ocrx_word' id='word_1_164' title='bbox 130 3037 263 3106; x_wconf 68' lang='lat' dir='ltr'>uerenini</span> <span class='ocrx_word' id='word_1_165' title='bbox 279 3047 321 3096; x_wconf 86' lang='lat' dir='ltr'>blo</span> <span class='ocrx_word' id='word_1_166' title='bbox 331 3049 475 3098; x_wconf 82' lang='lat' dir='ltr'>exhiberem</span> <span class='ocrx_word' id='word_1_167' title='bbox 490 3049 644 3109; x_wconf 72' lang='lat' dir='ltr'>Epistulam,</span> <span class='ocrx_word' id='word_1_168' title='bbox 659 3061 723 3108; x_wconf 81' lang='lat' dir='ltr'>quae</span> <span class='ocrx_word' id='word_1_169' title='bbox 743 3049 846 3097; x_wconf 83' lang='lat' dir='ltr'>iubente</span> <span class='ocrx_word' id='word_1_170' title='bbox 869 3049 971 3098; x_wconf 83' lang='lat' dir='ltr'>Summo</span> 
     </span>
     <span class='ocr_line' id='line_1_27' title="bbox 8 3122 973 3192; baseline 0.004 -24"><span class='ocrx_word' id='word_1_171' title='bbox 8 3122 121 3172; x_wconf 68' lang='lat' dir='ltr'>Porinos</span> <span class='ocrx_word' id='word_1_172' title='bbox 145 3123 179 3172; x_wconf 85' lang='lat' dir='ltr'>ab</span> <span class='ocrx_word' id='word_1_173' title='bbox 198 3122 282 3172; x_wconf 84' lang='lat' dir='ltr'>ilmin.</span> <span class='ocrx_word' id='word_1_174' title='bbox 299 3123 373 3192; x_wconf 66' lang='lat' dir='ltr'>ilerd.</span> <span class='ocrx_word' id='word_1_175' title='bbox 385 3123 416 3172; x_wconf 81' lang='lat' dir='ltr'>cle</span> <span class='ocrx_word' id='word_1_176' title='bbox 437 3122 538 3172; x_wconf 81' lang='lat' dir='ltr'>Zelodo</span> <span class='ocrx_word' id='word_1_177' title='bbox 548 3124 645 3184; x_wconf 82' lang='lat' dir='ltr'>scripte</span> <span class='ocrx_word' id='word_1_178' title='bbox 653 3123 973 3185; x_wconf 76' lang='lat' dir='ltr'>esteipeeusio-eleotnm</span> 
     </span>
     <span class='ocr_line' id='line_1_28' title="bbox 5 3197 971 3260; baseline 0.003 -15"><span class='ocrx_word' id='word_1_179' title='bbox 5 3199 166 3260; x_wconf 72' lang='lat' dir='ltr'>Episcopum,</span> <span class='ocrx_word' id='word_1_180' title='bbox 178 3203 208 3248; x_wconf 86' lang='lat' dir='ltr'>ut</span> <span class='ocrx_word' id='word_1_181' title='bbox 221 3201 283 3248; x_wconf 86' lang='lat' dir='ltr'>iuno</span> <span class='ocrx_word' id='word_1_182' title='bbox 301 3199 404 3248; x_wconf 83' lang='lat' dir='ltr'>ciebunt</span> <span class='ocrx_word' id='word_1_183' title='bbox 422 3201 559 3249; x_wconf 81' lang='lat' dir='ltr'>Distriotnn</span> <span class='ocrx_word' id='word_1_184' title='bbox 577 3199 774 3248; x_wconf 65' lang='lat' dir='ltr'>uiuennerum</span> <span class='ocrx_word' id='word_1_185' title='bbox 790 3199 835 3256; x_wconf 76' lang='lat' dir='ltr'>&lt;un</span> <span class='ocrx_word' id='word_1_186' title='bbox 848 3197 971 3260; x_wconf 78' lang='lat' dir='ltr'>neperte·</span> 
     </span>
     <span class='ocr_line' id='line_1_29' title="bbox 6 3270 973 3334; baseline 0.001 -13"><span class='ocrx_word' id='word_1_187' title='bbox 6 3279 67 3322; x_wconf 86' lang='lat' dir='ltr'>ment</span> <span class='ocrx_word' id='word_1_188' title='bbox 76 3275 123 3323; x_wconf 82' lang='lat' dir='ltr'>dee</span> <span class='ocrx_word' id='word_1_189' title='bbox 131 3274 286 3332; x_wconf 80' lang='lat' dir='ltr'>Ardennee),</span> <span class='ocrx_word' id='word_1_190' title='bbox 300 3275 373 3324; x_wconf 85' lang='lat' dir='ltr'>unlus</span> <span class='ocrx_word' id='word_1_191' title='bbox 388 3275 465 3324; x_wconf 82' lang='lat' dir='ltr'>Sedes</span> <span class='ocrx_word' id='word_1_192' title='bbox 481 3275 613 3334; x_wconf 71' lang='lat' dir='ltr'>illegitime</span> <span class='ocrx_word' id='word_1_193' title='bbox 631 3276 717 3322; x_wconf 84' lang='lat' dir='ltr'>erecte</span> <span class='ocrx_word' id='word_1_194' title='bbox 734 3274 820 3322; x_wconf 71' lang='lat' dir='ltr'>merab</span> <span class='ocrx_word' id='word_1_195' title='bbox 830 3270 932 3322; x_wconf 74' lang='lat' dir='ltr'>eedem·</span> <span class='ocrx_word' id='word_1_196' title='bbox 940 3273 973 3322; x_wconf 92' lang='lat' dir='ltr'>ln</span> 
     </span>
     <span class='ocr_line' id='line_1_30' title="bbox 5 3347 973 3410; baseline -0.002 -12"><span class='ocrx_word' id='word_1_197' title='bbox 5 3351 60 3399; x_wconf 82' lang='lat' dir='ltr'>urbe</span> <span class='ocrx_word' id='word_1_198' title='bbox 69 3351 199 3406; x_wconf 76' lang='lat' dir='ltr'>Dioeeesis</span> <span class='ocrx_word' id='word_1_199' title='bbox 209 3351 369 3400; x_wconf 78' lang='lat' dir='ltr'>Rhomennin.</span> <span class='ocrx_word' id='word_1_200' title='bbox 389 3353 426 3400; x_wconf 80' lang='lat' dir='ltr'>lix</span> <span class='ocrx_word' id='word_1_201' title='bbox 442 3354 490 3400; x_wconf 89' lang='lat' dir='ltr'>hae</span> <span class='ocrx_word' id='word_1_202' title='bbox 507 3351 575 3399; x_wconf 89' lang='lat' dir='ltr'>enim</span> <span class='ocrx_word' id='word_1_203' title='bbox 591 3349 668 3398; x_wconf 85' lang='lat' dir='ltr'>ieclle</span> <span class='ocrx_word' id='word_1_204' title='bbox 685 3348 778 3398; x_wconf 90' lang='lat' dir='ltr'>coniioi</span> <span class='ocrx_word' id='word_1_205' title='bbox 796 3348 889 3410; x_wconf 81' lang='lat' dir='ltr'>polerit</span> <span class='ocrx_word' id='word_1_206' title='bbox 908 3347 973 3408; x_wconf 79' lang='lat' dir='ltr'>qnlo</span> 
     </span>
     <span class='ocr_line' id='line_1_31' title="bbox 9 3420 968 3487; baseline -0.005 -12"><span class='ocrx_word' id='word_1_207' title='bbox 9 3425 35 3474; x_wconf 80' lang='lat' dir='ltr'>ei</span> <span class='ocrx_word' id='word_1_208' title='bbox 49 3430 147 3476; x_wconf 83' lang='lat' dir='ltr'>ceteros</span> <span class='ocrx_word' id='word_1_209' title='bbox 161 3427 310 3477; x_wconf 73' lang='lat' dir='ltr'>huiusmodi</span> <span class='ocrx_word' id='word_1_210' title='bbox 326 3428 439 3476; x_wconf 76' lang='lat' dir='ltr'>inionem</span> <span class='ocrx_word' id='word_1_211' title='bbox 450 3428 601 3487; x_wconf 82' lang='lat' dir='ltr'>rescriptum</span> <span class='ocrx_word' id='word_1_212' title='bbox 620 3425 709 3475; x_wconf 80' lang='lat' dir='ltr'>inerit.</span> <span class='ocrx_word' id='word_1_213' title='bbox 728 3420 803 3485; x_wconf 77' lang='lat' dir='ltr'>(Not.</span> <span class='ocrx_word' id='word_1_214' title='bbox 824 3422 903 3474; x_wconf 74' lang='lat' dir='ltr'>Edit.</span> <span class='ocrx_word' id='word_1_215' title='bbox 924 3435 968 3471; x_wconf 78' lang='lat' dir='ltr'>on·</span> 
     </span>
    </p>
   </div>
   <div class='ocr_carea' id='block_1_7' title="bbox 0 0 1202 4194">
    <p class='ocr_par' dir='ltr' id='par_1_8' title="bbox 0 0 1202 4194">
     <span class='ocr_line' id='line_1_32' title="bbox 0 0 1202 4194; baseline 0 0"><span class='ocrx_word' id='word_1_216' title='bbox 0 0 1202 4194; x_wconf 95' lang='lat' dir='ltr'> </span> 
     </span>
    </p>
   </div>
  </div>
 </body>
</html>
