2386 4194
408 178 587 240 -141-

417 316 583 372 xxvll.

298 435 436 480 nnnnorns
457 435 548 479 arnna
568 435 702 479 nosram

78 570 107 628 S.
131 569 335 630 ROMANAE
365 569 587 630 EGOLESIAE
618 568 921 632 GARDINALIBUS

97 663 147 722 ΕΤ
162 663 261 722 VEN.
275 660 607 723 ARCHIEPISOOPIS
622 661 676 720 ΕΤ
690 661 901 724 EPISGOPIS

95 810 141 870 Ac
163 810 292 871 dilectis
313 810 412 870 Filiic
431 808 602 888 Capitulis,
621 806 711 871 Gtero
732 819 763 872 et
773 814 892 888 populo

336 905 446 981 Requi
470 901 667 965 Galliarum.

247 1057 406 1138 PIUS
452 1057 631 1138 PAPA
676 1059 745 1138 Vl.

32 1243 142 1304 allecti
155 1244 245 1304 ruti
263 1245 396 1316 Nostri,
409 1247 498 1304 ven.
520 1247 677 1316 haaren,
689 1261 730 1306 ac
744 1245 875 1305 Dilecti
884 1244 982 1315 mut,

104 1341 258 1400 salutm
280 1343 316 1397 at
335 1340 571 1409 aposcolicam
593 1338 890 1398 Benedictlonem.

82 1507 228 1569 Charitas
250 1525 340 1584 qnae,
357 1512 487 1568 docente
507 1508 604 1568 Paulo
624 1507 781 1584 apostolo,
804 1508 928 1585 patiens
949 1509 983 1566 ct

42 1598 149 1678 benigna
172 1603 233 1674 est,
250 1602 368 1661 tamdiu
391 1600 495 1661 omnia
510 1601 631 1674 suffert,
647 1617 682 1660 ac
703 1600 853 1673 sustinet,
877 1617 983 1677 quam·

41 1692 77 1751 din
92 1695 198 1772 aliqua
218 1713 287 1772 spes
308 1699 468 1767 remanet,
490 1696 525 1754 ut
546 1712 602 1772 per
629 1694 897 1756 mansuetudinem
919 1694 981 1764 iia,

38 1790 76 1863 qui
92 1792 241 1868 obrepere
258 1790 319 1850 iam
334 1790 506 1867 coeperint,
522 1789 683 1849 erroribus
705 1791 902 1850 occurratur.
918 1789 980 1848 Ve-

36 1898 109 1957 rum,
132 1884 160 1943 ni
183 1900 307 1950 errores
329 1884 504 1960 augeantur
525 1883 558 1942 in
580 1883 666 1957 dies,
687 1900 785 1960 eoque
805 1881 867 1942 iam
889 1882 982 1941 deve-

39 1975 119 2050 niant,
136 1980 174 2037 ut
194 1994 246 2035 rea
267 1977 305 2034 ad
321 1977 454 2036 schisma
475 1976 675 2049 delabantur,
692 1978 766 2036 tunc
787 1973 874 2052 le'gos
895 1973 981 2051 ipsae

41 2067 196 2143 eharitatis,
219 2086 288 2129 oum
310 2068 485 2145 Apostolici
508 2068 664 2143 muneris,
687 2087 746 2147 quo
768 2067 889 2149 indigni
911 2067 982 2128 lun-

41 2161 143 2238 ginnr,
159 2163 267 2223 officiis
290 2163 494 2236 coniunctae,
517 2163 678 2240 postulant
698 2163 924 2241 flagitantque,
947 2163 983 2221 ut

35 2259 152 2328 paterna
166 2255 305 2334 quidem,
319 2257 371 2316 sed
386 2260 544 2334 prompta,
555 2260 589 2315 et
603 2256 711 2317 efficax
723 2255 883 2318 enascenti
899 2271 982 2314 mor·
1071 2289 1074 2298 .

33 2346 62 2406 bo
74 2350 225 2409 medicina
238 2349 400 2421 afferatur,
417 2349 573 2427 patefacto
587 2351 769 2410 errantibus
784 2350 894 2427 culpae
910 2349 982 2408 hor-

33 2458 111 2516 rore,
130 2447 163 2502 et
184 2442 400 2503 canonicarum
431 2459 617 2520 poenarum,
640 2442 672 2500 in
695 2462 770 2520 qnae
791 2443 981 2516 inciderunt,

33 2534 193 2608 gravitate.
209 2536 259 2594 Ita
280 2533 362 2593 enim
384 2534 450 2607 flet,
474 2538 510 2594 nt
530 2533 618 2610 quia
637 2533 691 2594 via
712 2534 862 2594 veritatis
884 2551 985 2594 recea-

32 2633 141 2701 cernnt,
157 2627 358 2705 resipiscant,
375 2631 408 2688 et
428 2627 561 2688 eiuratis
575 2627 736 2688 erroribus
757 2629 793 2687 ad
809 2627 982 2688 Ecclesiam

32 2724 237 2794 revertantur,
252 2737 343 2797 quae,
360 2719 460 2780 veluti
475 2720 610 2798 benigna
623 2722 741 2796 mator,
758 2720 877 2798 apertis
899 2720 982 2781 ulnis

32 2814 235 2889 regredientes
256 2812 479 2890 amplectitur3
502 2817 597 2891 utque
626 2815 723 2874 ceteri
746 2813 854 2873 fideles
882 2816 984 2872 matu·

34 2921 61 2962 re
74 2909 367 2984 pseudo-pastorum
383 2905 508 2966 fraudes
523 2907 669 2980 evadant,
682 2906 735 2983 qui
750 2905 876 2966 aliunde
889 2923 981 2983 quam

34 3014 81 3072 per
99 3000 212 3060 ostium
234 3000 272 3058 ad
288 2999 373 3059 ovile
395 3002 590 3072 accedentes,
607 2999 686 3059 nihil
709 3001 865 3076 quaerunt
884 2998 982 3073 aliud,

33 3092 84 3152 nisi
100 3098 135 3154 ut
154 3094 314 3167 furentur,
330 3096 481 3167 mactent,
497 3095 530 3153 et
551 3095 695 3170 perdant.

85 3188 163 3246 Hecc
173 3188 237 3249 Nos
248 3187 321 3246 ante
334 3187 439 3246 oculos
450 3187 601 3250 habentes
615 3187 723 3247 divina
734 3189 913 3265 praecepta,
927 3185 983 3246 vix

32 3276 100 3337 balli
120 3297 275 3340 rumorem
298 3279 495 3354 audivimus,
513 3283 592 3358 quod
614 3280 792 3359 philosophi
813 3283 982 3342 novatores

34 3370 61 3427 in
76 3373 231 3433 Conventa
254 3372 408 3433 nationali
423 3373 597 3434 Galliarum
620 3374 714 3434 simul
728 3374 900 3446 coniuncti,
916 3389 983 3434 mu-

35 3465 179 3546 ioramqne
209 3471 329 3545 partam
353 3467 603 3541 constituentes,
625 3469 774 3544 aduersus
794 3467 979 3528 catholicam
